
@article{higgins_quantifying_2002,
  title = {Quantifying heterogeneity in a meta-analysis},
  volume = {21},
  issn = {0277-6715},
  number = {11},
  journal = {Statistics in Medicine},
  author = {Higgins, Julian P T and Thompson, Simon G},
  year = {2002},
  pages = {1539--1558},
  pmid = {12111919}
}

@article{hamling_facilitating_2008,
  title = {Facilitating meta-analyses by deriving relative effect and precision estimates for alternative comparisons from a set of estimates presented by exposure level or disease category},
  volume = {27},
  issn = {0277-6715},
  number = {7},
  journal = {Statistics in Medicine},
  author = {Hamling, Jan and Lee, Peter and Weitkunat, Rolf and Amb{\"u}hl, Mathias},
  year = {2008},
  pages = {954--970},
  pmid = {17676579}
}

@article{sutcliffe_prostate_2013,
  title = {Prostate cancer: is it time to expand the research focus to early-life exposures?},
  volume = {13},
  issn = {1474-1768},
  doi = {10.1038/nrc3434},
  number = {3},
  journal = {Nature Reviews. Cancer},
  author = {Sutcliffe, Siobhan and Colditz, Graham A.},
  year = {2013},
  pages = {208--518},
  pmid = {23363989},
  pmcid = {PMC3962783}
}

@article{greenland_methods_1992,
  title = {Methods for trend estimation from summarized dose-response data, with applications to meta-analysis},
  volume = {135},
  issn = {0002-9262},
  number = {11},
  journal = {American Journal of Epidemiology},
  author = {Greenland, S and Longnecker, M P},
  year = {1992},
  pages = {1301--1309},
  pmid = {1626547}
}

@article{orsini_generalized_2006,
  title = {Generalized least squares for trend estimation from summarized dose-response data},
  volume = {6},
  number = {1},
  journal = {The Stata Journal},
  author = {Orsini, Nicola and Bellocco, Rino and Greenland, Sander},
  year = {2006},
  pages = {40--57}
}

@article{orsini_metaanalysis_2012,
  title = {Meta-analysis for linear and nonlinear dose-response relations: examples, an evaluation of approximations, and software},
  volume = {175},
  issn = {1476-6256},
  number = {1},
  journal = {American Journal of Epidemiology},
  author = {Orsini, Nicola and Li, Ruifeng and Wolk, Alicja and Khudyakov, Polyna and Spiegelman, Donna},
  year = {2012},
  pages = {66--73},
  pmid = {22135359}
}

@article{gronberg_prostate_2003,
  title = {Prostate cancer epidemiology},
  volume = {361},
  issn = {0140-6736},
  doi = {10.1016/S0140-6736(03)12713-4},
  number = {9360},
  journal = {Lancet (London, England)},
  author = {Gr{\"o}nberg, Henrik},
  year = {2003},
  pages = {859--864},
  pmid = {12642065}
}

@article{discacciati_body_2012,
  title = {Body mass index and incidence of localized and advanced prostate cancer--a dose-response meta-analysis of prospective studies},
  volume = {23},
  issn = {1569-8041},
  doi = {10.1093/annonc/mdr603},
  number = {7},
  journal = {Annals of oncology: official journal of the European Society for Medical Oncology / ESMO},
  author = {Discacciati, A and Orsini, N and Wolk, A},
  year = {2012},
  pages = {1665--1671},
  pmid = {22228452}
}

@article{finucane_national_2011,
  title = {National, regional, and global trends in body-mass index since 1980: systematic analysis of health examination surveys and epidemiological studies with 960 country-years and 9\ensuremath{\cdot}1 million participants},
  volume = {377},
  issn = {1474-547X},
  doi = {10.1016/S0140-6736(10)62037-5},
  number = {9765},
  journal = {Lancet (London, England)},
  author = {Finucane, Mariel M. and Stevens, Gretchen A. and Cowan, Melanie J. and Danaei, Goodarz and Lin, John K. and Paciorek, Christopher J. and Singh, Gitanjali M. and Gutierrez, Hialy R. and Lu, Yuan and Bahalim, Adil N. and Farzadfar, Farshad and Riley, Leanne M. and Ezzati, Majid and {Global Burden of Metabolic Risk Factors of Chronic Diseases Collaborating Group (Body Mass Index)}},
  year = {2011},
  pages = {557--567},
  pmid = {21295846},
  pmcid = {PMC4472365}
}

@incollection{vanhouwelingen_cox_2013,
  address = {Boca Raton, FL},
  series = {Handbooks of Modern Statistical Methods},
  title = {Cox Regression Model},
  booktitle = {Handbook of Survival Analysis},
  publisher = {Chapman \& Hall/CRC},
  author = {{van Houwelingen}, Hans C. and Stijnen, Theo},
  editor = {Klein, John P. and {van Houwelingen}, Hans C. and Ibrahim, Joseph G. and Scheike, Thomas H.},
  year = {2013}
}

@article{freedland_adiponectin_2010,
  title = {Adiponectin and prostate cancer mortality: to be or not to be skinny?},
  volume = {56},
  issn = {1530-8561},
  doi = {10.1373/clinchem.2009.137406},
  number = {1},
  journal = {Clinical chemistry},
  author = {Freedland, Stephen J and Williams, Christina D and Masko, Elizabeth M},
  year = {2010},
  pages = {1--3},
  pmid = {19892841}
}

@article{dalamaga_role_2012,
  title = {The role of adiponectin in cancer: a review of current evidence},
  volume = {33},
  issn = {1945-7189},
  doi = {10.1210/er.2011-1015},
  number = {4},
  journal = {Endocrine reviews},
  author = {Dalamaga, Maria and Diakopoulos, Kalliope N and Mantzoros, Christos S},
  year = {2012},
  pages = {547--594},
  pmid = {22547160}
}

@article{discacciati_body_2011,
  title = {Body mass index in early and middle-late adulthood and risk of localised, advanced and fatal prostate cancer: a population-based prospective study},
  volume = {105},
  issn = {1532-1827},
  doi = {10.1038/bjc.2011.319},
  number = {7},
  journal = {British Journal of Cancer},
  author = {Discacciati, A and Orsini, N and Andersson, S-O and Andr{\'e}n, O and Johansson, J-E and Wolk, A},
  year = {2011},
  pages = {1061--1068},
  pmid = {21847119}
}

@article{brenner_risk_1993,
  title = {Risk and rate advancement periods as measures of exposure impact on the occurrence of chronic diseases},
  volume = {4},
  issn = {1044-3983},
  number = {3},
  journal = {Epidemiology (Cambridge, Mass.)},
  author = {Brenner, H. and Gefeller, O. and Greenland, S.},
  year = {1993},
  pages = {229--236},
  pmid = {8512987}
}

@article{brunekreef_brave_2007,
  title = {The brave new world of lives sacrificed and saved, deaths attributed and avoided},
  volume = {18},
  issn = {1044-3983},
  doi = {10.1097/EDE.0b013e3181570d88},
  number = {6},
  journal = {Epidemiology (Cambridge, Mass.)},
  author = {Brunekreef, Bert and Miller, Brian G. and Hurley, J. Fintan},
  year = {2007},
  pages = {785--788},
  pmid = {18049188}
}

@article{bergmann_association_2013,
  title = {The association of pattern of lifetime alcohol use and cause of death in the European prospective investigation into cancer and nutrition (EPIC) study},
  volume = {42},
  issn = {1464-3685},
  doi = {10.1093/ije/dyt154},
  number = {6},
  journal = {International Journal of Epidemiology},
  author = {Bergmann, Manuela M. and Rehm, J{\"u}rgen and Klipstein-Grobusch, Kerstin and Boeing, Heiner and Sch{\"u}tze, Madlen and Drogan, Dagmar and Overvad, Kim and Tj{\o}nneland, Anne and Halkj{\ae}r, Jytte and Fagherazzi, Guy and Boutron-Ruault, Marie-Christine and Clavel-Chapelon, Fran{\c c}oise and Teucher, Birgit and Kaaks, Rudolph and Trichopoulou, Antonia and Benetou, Vassiliki and Trichopoulos, Dimitrios and Palli, Domenico and Pala, Valeria and Tumino, Rosario and Vineis, Paolo and Beulens, Joline Wj and Redondo, Maria Luisa and Duell, Eric J. and Molina-Montes, Esther and Navarro, Carmen and Barricarte, Aurelio and Arriola, Larraitz and Allen, Naomi E. and Crowe, Francesca L. and Khaw, Kay-Tee and Wareham, Nick and Romaguera, Dora and Wark, Petra A. and Romieu, Isabelle and Nunes, Luciana and Riboli, Elio and Ferrari, Pietro},
  year = {2013},
  pages = {1772--1790},
  pmid = {24415611},
  pmcid = {PMC3887563}
}

@article{kaplan_nonparametric_1958,
  title = {Nonparametric Estimation from Incomplete Observations},
  volume = {53},
  issn = {0162-1459},
  doi = {10.1080/01621459.1958.10501452},
  number = {282},
  journal = {Journal of the American Statistical Association},
  author = {Kaplan, E. L. and Meier, Paul},
  year = {1958},
  pages = {457--481}
}

@book{kleinbaum_survival_2012,
  address = {New York, NY},
  edition = {3rd},
  title = {Survival Analysis. A Self-Learning Text},
  publisher = {Springer Verlag},
  author = {Kleinbaum, David G. and Klein, Mitchel},
  year = {2012}
}

@article{cox_regression_1972,
  title = {Regression models and life tables (with discussion)},
  volume = {34},
  number = {2},
  journal = {Journal of the Royal Statistical Society. Series B (Methodological)},
  author = {Cox, D. R.},
  year = {1972},
  pages = {187--220}
}

@book{breslow_statistical_1987,
  address = {Lyon},
  series = {IARC Scientific Publications},
  title = {Statistical methods in cancer research. Volume 2 {\textemdash} The analysis of cohort studies},
  number = {82},
  publisher = {International Agency for Research on Cancer},
  author = {Breslow, N. E. and Day, N. E.},
  year = {1987}
}

@article{michels_does_1998,
  title = {Does body mass index adequately capture the relation of body composition and body size to health outcomes?},
  volume = {147},
  issn = {0002-9262},
  number = {2},
  journal = {American Journal of Epidemiology},
  author = {Michels, K. B. and Greenland, S. and Rosner, B. A.},
  year = {1998},
  pages = {167--172},
  pmid = {9457007}
}

@book{harrell_regression_2001,
  address = {New York, NY},
  title = {Regression Modeling Strategies: With Applications to Linear Models, Logistic Regression, and Survival Analysis},
  isbn = {978-0-387-95232-1},
  publisher = {Springer},
  author = {Harrell, Frank E.},
  year = {2001}
}

@article{hernan_hazards_2010,
  title = {The hazards of hazard ratios},
  volume = {21},
  issn = {1531-5487},
  doi = {10.1097/EDE.0b013e3181c1ea43},
  number = {1},
  journal = {Epidemiology (Cambridge, Mass.)},
  author = {Hern{\'a}n, Miguel A.},
  year = {2010},
  pages = {13--15},
  pmid = {20010207},
  pmcid = {PMC3653612}
}

@article{berlin_metaanalysis_1993,
  title = {Meta-analysis of epidemiologic dose-response data},
  volume = {4},
  issn = {1044-3983},
  number = {3},
  journal = {Epidemiology (Cambridge, Mass.)},
  author = {Berlin, J. A. and Longnecker, M. P. and Greenland, S.},
  year = {1993},
  pages = {218--228},
  pmid = {8512986}
}

@article{royston_flexible_2002,
  title = {Flexible parametric proportional-hazards and proportional-odds models for censored survival data, with application to prognostic modelling and estimation of treatment effects},
  volume = {21},
  issn = {0277-6715},
  doi = {10.1002/sim.1203},
  number = {15},
  journal = {Statistics in Medicine},
  author = {Royston, Patrick and Parmar, Mahesh K. B.},
  year = {2002},
  pages = {2175--2197},
  pmid = {12210632}
}

@article{liao_blood_2015,
  title = {Blood glucose concentration and risk of pancreatic cancer: systematic review and dose-response meta-analysis},
  volume = {349},
  issn = {1756-1833},
  journal = {BMJ (Clinical research ed.)},
  author = {Liao, Wei-Chih and Tu, Yu-Kang and Wu, Ming-Shiang and Lin, Jaw-Town and Wang, Hsiu-Po and Chien, Kuo-Liong},
  year = {2015},
  pages = {g7371},
  pmid = {25556126},
  pmcid = {PMC4282179}
}

@article{berkey_metaanalysis_1998,
  title = {Meta-analysis of multiple outcomes by regression with random effects},
  volume = {17},
  issn = {0277-6715},
  number = {22},
  journal = {Statistics in Medicine},
  author = {Berkey, C. S. and Hoaglin, D. C. and Antczak-Bouckoms, A. and Mosteller, F. and Colditz, G. A.},
  year = {1998},
  pages = {2537--2550},
  pmid = {9839346}
}

@article{cochran_combination_1954,
  title = {The combination of estimates from different experiments},
  volume = {10},
  copyright = {(c) 2012 APA, all rights reserved},
  issn = {1541-0420(Electronic);0006-341X(Print)},
  journal = {Biometrics},
  author = {Cochran, William G.},
  year = {1954},
  pages = {101--129}
}

@article{ritz_multivariate_2008,
  title = {Multivariate meta-analysis for data consortia, individual patient meta-analysis, and pooling projects},
  volume = {138},
  issn = {0378-3758},
  number = {7},
  urldate = {2015-05-26},
  journal = {Journal of Statistical Planning and Inference},
  author = {Ritz, John and Demidenko, Eugene and Spiegelman, Donna},
  year = {2008},
  pages = {1919--1933}
}

@article{gasparrini_multivariate_2012,
  title = {Multivariate meta-analysis for non-linear and other multi-parameter associations},
  volume = {31},
  issn = {1097-0258},
  number = {29},
  journal = {Statistics in Medicine},
  author = {Gasparrini, A. and Armstrong, B. and Kenward, M. G.},
  year = {2012},
  pages = {3821--3839},
  pmid = {22807043},
  pmcid = {PMC3546395}
}

@article{vanhouwelingen_advanced_2002,
  title = {Advanced methods in meta-analysis: multivariate approach and meta-regression},
  volume = {21},
  issn = {0277-6715},
  number = {4},
  journal = {Statistics in Medicine},
  author = {{van Houwelingen}, Hans C. and Arends, Lidia R. and Stijnen, Theo},
  year = {2002},
  pages = {589--624},
  pmid = {11836738}
}

@article{hagquist_goodness_1998,
  title = {Goodness of Fit in Regression Analysis {\textendash} R 2 and G 2 Reconsidered},
  volume = {32},
  issn = {0033-5177, 1573-7845},
  number = {3},
  urldate = {2015-05-26},
  journal = {Quality and Quantity},
  author = {Hagquist, Curt and Stenbeck, Magnus},
  year = {1998},
  pages = {229--245}
}

@article{kvalseth_cautionary_1985,
  title = {Cautionary Note about R 2},
  volume = {39},
  issn = {0003-1305},
  number = {4},
  urldate = {2015-05-26},
  journal = {The American Statistician},
  author = {Kv{\aa}lseth, Tarald O.},
  year = {1985},
  pages = {279--285}
}

@article{buse_goodness_1973,
  title = {Goodness of Fit in Generalized Least Squares Estimation},
  volume = {27},
  issn = {0003-1305},
  number = {3},
  urldate = {2015-05-26},
  journal = {The American Statistician},
  author = {Buse, A.},
  year = {1973},
  pages = {106--108}
}

@book{theil_economic_1961,
  address = {Amsterdam},
  title = {Economic forecasts and policy},
  publisher = {North-Holland Publishing Company},
  author = {Theil, Henri},
  year = {1961}
}

@article{greenland_invited_1994,
  title = {Invited commentary: a critical look at some popular meta-analytic methods},
  volume = {140},
  issn = {0002-9262},
  number = {3},
  journal = {American Journal of Epidemiology},
  author = {Greenland, S.},
  year = {1994},
  pages = {290--296},
  pmid = {8030632}
}

@book{therneau_modeling_2000,
  address = {New York, NY},
  series = {Statistics for Biology and Health},
  title = {Modeling Survival Data: Extending the Cox Model},
  isbn = {978-1-4419-3161-0 978-1-4757-3294-8},
  urldate = {2015-08-07},
  publisher = {Springer},
  author = {Therneau, Terry M. and Grambsch, Patricia M.},
  year = {2000}
}

@techreport{wcrf_food_2007,
  title = {Food, Nutrition, Physical Activity, and the Prevention of Cancer: a Global Perspective},
  url = {http://www.wcrf.org/sites/default/files/Second-Expert-Report.pdf},
  institution = {World Cancer Research Fund and American Institute for Cancer Research},
  author = {{WCRF} and {AICR}},
  year = {2007}
}

@article{jackson_quantifying_2012,
  title = {Quantifying the impact of between-study heterogeneity in multivariate meta-analyses},
  volume = {31},
  issn = {1097-0258},
  doi = {10.1002/sim.5453},
  number = {29},
  journal = {Statistics in Medicine},
  author = {Jackson, Dan and White, Ian R. and Riley, Richard D.},
  year = {2012},
  pages = {3805--3820},
  pmid = {22763950},
  pmcid = {PMC3546377}
}

@article{hardy_detecting_1998,
  title = {Detecting and describing heterogeneity in meta-analysis},
  volume = {17},
  issn = {0277-6715},
  number = {8},
  journal = {Statistics in Medicine},
  author = {Hardy, R. J. and Thompson, S. G.},
  year = {1998},
  pages = {841--856},
  pmid = {9595615}
}

@article{sutton_recent_2008,
  title = {Recent developments in meta-analysis},
  volume = {27},
  issn = {0277-6715},
  doi = {10.1002/sim.2934},
  number = {5},
  journal = {Statistics in Medicine},
  author = {Sutton, Alexander J. and Higgins, Julian P. T.},
  year = {2008},
  pages = {625--650},
  pmid = {17590884}
}

@book{kalbfleisch_statistical_2002,
  address = {Hoboken, N.J},
  edition = {2nd},
  series = {Wiley series in probability and statistics},
  title = {The statistical analysis of failure time data},
  isbn = {978-0-471-36357-6},
  lccn = {QA276 .K215 2002},
  publisher = {J. Wiley},
  author = {Kalbfleisch, J. D. and Prentice, Ross L.},
  year = {2002}
}

@techreport{carstensen_demography_2005,
  title = {Demography and epidemiology: Practical use of the Lexis diagram in the computer age. Or: Who needs the Cox-model anyway?},
  institution = {University of Copenhagen, Denmark},
  author = {Carstensen, Bendix},
  year = {2005}
}

@book{royston_flexible_2011,
  address = {College Station, TX},
  title = {Flexible parametric survival analysis using Stata: beyond the Cox model},
  isbn = {978-1-59718-079-5},
  lccn = {QA276.4 .R69 2011},
  publisher = {Stata Press},
  author = {Royston, Patrick and Lambert, Paul C.},
  year = {2011}
}

@techreport{scb_cohort_2010,
  title = {Cohort mortality in Sweden. Mortality statistics since 1861.},
  url = {http://www.scb.se/statistik/_publikationer/be0701_2010a01_br_be51br1001eng.pdf},
  institution = {Statistiska centralbyr{\aa}n},
  author = {{SCB}},
  year = {2010}
}

@article{heinzl_gaining_1997,
  title = {Gaining more flexibility in Cox proportional hazards regression models with cubic spline functions},
  volume = {54},
  issn = {0169-2607},
  number = {3},
  journal = {Computer Methods and Programs in Biomedicine},
  author = {Heinzl, H. and Kaider, A.},
  year = {1997},
  pages = {201--208},
  pmid = {9421665}
}

@article{gann_risk_2002,
  title = {Risk Factors for Prostate Cancer},
  volume = {4},
  issn = {1523-6161},
  number = {Suppl 5},
  urldate = {2015-09-02},
  journal = {Reviews in Urology},
  author = {Gann, Peter H},
  year = {2002},
  pages = {S3--S10},
  pmid = {16986064},
  pmcid = {PMC1476014}
}

@article{armitage_age_1954,
  title = {The Age Distribution of Cancer and a Multi-stage Theory of Carcinogenesis},
  volume = {8},
  issn = {0007-0920},
  number = {1},
  urldate = {2015-09-02},
  journal = {British Journal of Cancer},
  author = {Armitage, P. and Doll, R.},
  year = {1954},
  pages = {1--12},
  pmid = {13172380},
  pmcid = {PMC2007940}
}

@techreport{socialstyrelsen_cancerincidens_2014,
  title = {Cancerincidens i Sverige 2013. Nya diagnosticerade cancerfall {\aa}r 2013},
  url = {https://www.socialstyrelsen.se/Lists/Artikelkatalog/Attachments/19613/2014-12-10.pdf},
  institution = {Socialstyrelsen},
  author = {Socialstyrelsen},
  year = {2014}
}

@article{kicinski_epidemiological_2011,
  title = {An epidemiological reappraisal of the familial aggregation of prostate cancer: a meta-analysis},
  volume = {6},
  issn = {1932-6203},
  doi = {10.1371/journal.pone.0027130},
  number = {10},
  journal = {PloS One},
  author = {Kici{\'n}ski, Micha{\l} and Vangronsveld, Jaco and Nawrot, Tim S.},
  year = {2011},
  pages = {e27130},
  pmid = {22073129},
  pmcid = {PMC3205054}
}

@article{zeegers_empiric_2003,
  title = {Empiric risk of prostate carcinoma for relatives of patients with prostate carcinoma: a meta-analysis},
  volume = {97},
  issn = {0008-543X},
  doi = {10.1002/cncr.11262},
  number = {8},
  journal = {Cancer},
  author = {Zeegers, Maurice P. A. and Jellema, Annemarie and Ostrer, Harry},
  year = {2003},
  pages = {1894--1903},
  pmid = {12673715}
}

@article{brandt_agespecific_2010,
  title = {Age-specific risk of incident prostate cancer and risk of death from prostate cancer defined by the number of affected family members},
  volume = {58},
  issn = {1873-7560},
  doi = {10.1016/j.eururo.2010.02.002},
  number = {2},
  journal = {European Urology},
  author = {Brandt, Andreas and Bermejo, Justo Lorenzo and Sundquist, Jan and Hemminki, Kari},
  year = {2010},
  pages = {275--280},
  pmid = {20171779}
}

@article{lichtenstein_environmental_2000,
  title = {Environmental and heritable factors in the causation of cancer--analyses of cohorts of twins from Sweden, Denmark, and Finland},
  volume = {343},
  issn = {0028-4793},
  doi = {10.1056/NEJM200007133430201},
  number = {2},
  journal = {The New England Journal of Medicine},
  author = {Lichtenstein, P. and Holm, N. V. and Verkasalo, P. K. and Iliadou, A. and Kaprio, J. and Koskenvuo, M. and Pukkala, E. and Skytthe, A. and Hemminki, K.},
  year = {2000},
  pages = {78--85},
  pmid = {10891514}
}

@article{ahlbom_cancer_1997,
  title = {Cancer in twins: genetic and nongenetic familial risk factors},
  volume = {89},
  issn = {0027-8874},
  number = {4},
  journal = {Journal of the National Cancer Institute},
  author = {Ahlbom, A. and Lichtenstein, P. and Malmstr{\"o}m, H. and Feychting, M. and Hemminki, K. and Pedersen, N. L.},
  year = {1997},
  pages = {287--293},
  pmid = {9048832}
}

@article{eeles_identification_2013,
  title = {Identification of 23 new prostate cancer susceptibility loci using the iCOGS custom genotyping array},
  volume = {45},
  issn = {1546-1718},
  doi = {10.1038/ng.2560},
  number = {4},
  journal = {Nature Genetics},
  author = {Eeles, Rosalind A. and Olama, Ali Amin Al and Benlloch, Sara and Saunders, Edward J. and Leongamornlert, Daniel A. and Tymrakiewicz, Malgorzata and Ghoussaini, Maya and Luccarini, Craig and Dennis, Joe and Jugurnauth-Little, Sarah and Dadaev, Tokhir and Neal, David E. and Hamdy, Freddie C. and Donovan, Jenny L. and Muir, Ken and Giles, Graham G. and Severi, Gianluca and Wiklund, Fredrik and Gronberg, Henrik and Haiman, Christopher A. and Schumacher, Fredrick and Henderson, Brian E. and Le Marchand, Loic and Lindstrom, Sara and Kraft, Peter and Hunter, David J. and Gapstur, Susan and Chanock, Stephen J. and Berndt, Sonja I. and Albanes, Demetrius and Andriole, Gerald and Schleutker, Johanna and Weischer, Maren and Canzian, Federico and Riboli, Elio and Key, Tim J. and Travis, Ruth C. and Campa, Daniele and Ingles, Sue A. and John, Esther M. and Hayes, Richard B. and Pharoah, Paul D. P. and Pashayan, Nora and Khaw, Kay-Tee and Stanford, Janet L. and Ostrander, Elaine A. and Signorello, Lisa B. and Thibodeau, Stephen N. and Schaid, Dan and Maier, Christiane and Vogel, Walther and Kibel, Adam S. and Cybulski, Cezary and Lubinski, Jan and Cannon-Albright, Lisa and Brenner, Hermann and Park, Jong Y. and Kaneva, Radka and Batra, Jyotsna and Spurdle, Amanda B. and Clements, Judith A. and Teixeira, Manuel R. and Dicks, Ed and Lee, Andrew and Dunning, Alison M. and Baynes, Caroline and Conroy, Don and Maranian, Melanie J. and Ahmed, Shahana and Govindasami, Koveela and Guy, Michelle and Wilkinson, Rosemary A. and Sawyer, Emma J. and Morgan, Angela and Dearnaley, David P. and Horwich, Alan and Huddart, Robert A. and Khoo, Vincent S. and Parker, Christopher C. and Van As, Nicholas J. and Woodhouse, Christopher J. and Thompson, Alan and Dudderidge, Tim and Ogden, Chris and Cooper, Colin S. and Lophatananon, Artitaya and Cox, Angela and Southey, Melissa C. and Hopper, John L. and English, Dallas R. and Aly, Markus and Adolfsson, Jan and Xu, Jiangfeng and Zheng, Siqun L. and Yeager, Meredith and Kaaks, Rudolf and Diver, W. Ryan and Gaudet, Mia M. and Stern, Mariana C. and Corral, Roman and Joshi, Amit D. and Shahabi, Ahva and Wahlfors, Tiina and Tammela, Teuvo L. J. and Auvinen, Anssi and Virtamo, Jarmo and Klarskov, Peter and Nordestgaard, B{\o}rge G. and R{\o}der, M. Andreas and Nielsen, Sune F. and Bojesen, Stig E. and Siddiq, Afshan and Fitzgerald, Liesel M. and Kolb, Suzanne and Kwon, Erika M. and Karyadi, Danielle M. and Blot, William J. and Zheng, Wei and Cai, Qiuyin and McDonnell, Shannon K. and Rinckleb, Antje E. and Drake, Bettina and Colditz, Graham and Wokolorczyk, Dominika and Stephenson, Robert A. and Teerlink, Craig and Muller, Heiko and Rothenbacher, Dietrich and Sellers, Thomas A. and Lin, Hui-Yi and Slavov, Chavdar and Mitev, Vanio and Lose, Felicity and Srinivasan, Srilakshmi and Maia, Sofia and Paulo, Paula and Lange, Ethan and Cooney, Kathleen A. and Antoniou, Antonis C. and Vincent, Daniel and Bacot, Fran{\c c}ois and Tessier, Daniel C. and {COGS{\textendash}Cancer Research UK GWAS{\textendash}ELLIPSE (part of GAME-ON) Initiative} and {Australian Prostate Cancer Bioresource} and {UK Genetic Prostate Cancer Study Collaborators/British Association of Urological Surgeons' Section of Oncology} and {UK ProtecT (Prostate testing for cancer and Treatment) Study Collaborators} and {PRACTICAL (Prostate Cancer Association Group to Investigate Cancer-Associated Alterations in the Genome) Consortium} and Kote-Jarai, Zsofia and Easton, Douglas F.},
  year = {2013},
  pages = {385--391, 391e1--2},
  pmid = {23535732},
  pmcid = {PMC3832790}
}

@article{goh_germline_2014,
  title = {Germline genetic variants associated with prostate cancer and potential relevance to clinical practice},
  volume = {202},
  issn = {0080-0015},
  doi = {10.1007/978-3-642-45195-9_2},
  journal = {Recent Results in Cancer Research. Fortschritte Der Krebsforschung. Progr{\`e}s Dans Les Recherches Sur Le Cancer},
  author = {Goh, Chee Leng and Eeles, Rosalind Anne},
  year = {2014},
  pages = {9--26},
  pmid = {24531773}
}

@article{ferlay_cancer_2015,
  title = {Cancer incidence and mortality worldwide: sources, methods and major patterns in GLOBOCAN 2012},
  volume = {136},
  issn = {1097-0215},
  doi = {10.1002/ijc.29210},
  number = {5},
  journal = {International Journal of Cancer. Journal International Du Cancer},
  author = {Ferlay, Jacques and Soerjomataram, Isabelle and Dikshit, Rajesh and Eser, Sultan and Mathers, Colin and Rebelo, Marise and Parkin, Donald Maxwell and Forman, David and Bray, Freddie},
  year = {2015},
  pages = {E359--386},
  pmid = {25220842}
}

@article{bratt_effects_2010,
  title = {Effects of prostate-specific antigen testing on familial prostate cancer risk estimates},
  volume = {102},
  issn = {1460-2105},
  doi = {10.1093/jnci/djq265},
  number = {17},
  journal = {Journal of the National Cancer Institute},
  author = {Bratt, Ola and Garmo, Hans and Adolfsson, Jan and Bill-Axelson, Anna and Holmberg, Lars and Lambe, Mats and Stattin, P{\"a}r},
  year = {2010},
  pages = {1336--1343},
  pmid = {20724726}
}

@techreport{acs_cancer_2015,
  title = {Cancer facts \& figures 2015},
  url = {http://www.cancer.org/acs/groups/content/@editorial/documents/document/acspc-044552.pdf},
  institution = {American Cancer Society},
  author = {{ACS}},
  year = {2015}
}

@article{jones_explaining_2008,
  title = {Explaining the Race Difference in Prostate Cancer Stage at Diagnosis},
  volume = {17},
  issn = {1055-9965, 1538-7755},
  doi = {10.1158/1055-9965.EPI-08-0203},
  number = {10},
  urldate = {2015-09-02},
  journal = {Cancer Epidemiology, Biomarkers \& Prevention: A Publication of the American Association for Cancer Research, Cosponsored by the American Society of Preventive Oncology},
  author = {Jones, Beth A. and Liu, Wen-Liang and Araujo, Andre B. and Kasl, Stanislav V. and Silvera, Stephanie N. and Soler-Vil{\'a}, Hosanna and Curnen, Mary G. M. and Dubrow, Robert},
  year = {2008},
  pages = {2825--2834},
  pmid = {18829446}
}

@article{royston_use_2011,
  title = {The use of restricted mean survival time to estimate the treatment effect in randomized clinical trials when the proportional hazards assumption is in doubt},
  volume = {30},
  issn = {1097-0258},
  doi = {10.1002/sim.4274},
  number = {19},
  journal = {Statistics in Medicine},
  author = {Royston, Patrick and Parmar, Mahesh K. B.},
  year = {2011},
  pages = {2409--2421},
  pmid = {21611958}
}

@article{wilson_lifestyle_2012,
  title = {Lifestyle and dietary factors in the prevention of lethal prostate cancer},
  volume = {14},
  issn = {1745-7262},
  doi = {10.1038/aja.2011.142},
  number = {3},
  journal = {Asian Journal of Andrology},
  author = {Wilson, Kathryn M. and Giovannucci, Edward L. and Mucci, Lorelei A.},
  year = {2012},
  pages = {365--374},
  pmid = {22504869},
  pmcid = {PMC3720164}
}

@article{cogliano_preventable_2011,
  title = {Preventable Exposures Associated With Human Cancers},
  volume = {103},
  issn = {0027-8874, 1460-2105},
  doi = {10.1093/jnci/djr483},
  number = {24},
  urldate = {2015-09-03},
  journal = {Journal of the National Cancer Institute},
  author = {Cogliano, Vincent James and Baan, Robert and Straif, Kurt and Grosse, Yann and Lauby-Secretan, B{\'e}atrice and Ghissassi, Fatiha El and Bouvard, V{\'e}ronique and Benbrahim-Tallaa, Lamia and Guha, Neela and Freeman, Crystal and Galichet, Laurent and Wild, Christopher P.},
  year = {2011},
  pages = {1827--1839},
  pmid = {22158127}
}

@article{hulley_randomized_1998,
  title = {Randomized trial of estrogen plus progestin for secondary prevention of coronary heart disease in postmenopausal women. Heart and Estrogen/progestin Replacement Study (HERS) Research Group},
  volume = {280},
  issn = {0098-7484},
  number = {7},
  journal = {JAMA},
  author = {Hulley, S. and Grady, D. and Bush, T. and Furberg, C. and Herrington, D. and Riggs, B. and Vittinghoff, E.},
  year = {1998},
  pages = {605--613},
  pmid = {9718051}
}

@techreport{socialstyrelsen_cancer_2013,
  title = {Cancer i siffror 2013. Popul{\"a}rvetenskapliga fakta om cancer},
  url = {https://www.socialstyrelsen.se/Lists/Artikelkatalog/Attachments/19108/2013-6-5.pdf},
  institution = {Socialstyrelsen and Cancerfonden},
  author = {{Socialstyrelsen} and {Cancerfonden}},
  year = {2013}
}

@article{stattin_geographical_2005,
  title = {Geographical variation in incidence of prostate cancer in Sweden},
  volume = {39},
  issn = {0036-5599},
  doi = {10.1080/00365590500375463},
  number = {5},
  journal = {Scandinavian Journal of Urology and Nephrology},
  author = {Stattin, P{\"a}r and Johansson, Robert and Lodnert, Ronald and Andr{\'e}n, Ove and Bill-Axelsson, Anna and Bratt, Ola and Damber, Jan-Erik and Hellstr{\"o}m, Magnus and Hugosson, Jonas and Lundgren, Rolf and T{\"o}rnblom, Magnus and Varenhorst, Eberhard and Johansson, Jan-Erik},
  year = {2005},
  pages = {372--379},
  pmid = {16257838}
}

@misc{engholm_nordcan_2015,
  title = {NORDCAN: Cancer Incidence, Mortality, Prevalence and Survival in the Nordic Countries, Version 7.1 (09.07.2015)},
  url = {http://www.ancr.nu},
  urldate = {2015-09-03},
  author = {Engholm, G and Ferlay, Jacques and Christensen, Niels and Bray, Freddie and Gjerstorff, Marianne L. and Klint, Asa and K{\o}tlum, J{\'o}anis E. and Olafsd{\'o}ttir, El{\'\i}nborg and Pukkala, E. and Storm, Hans H.},
  year = {2015}
}

@article{salinas_prostate_2014,
  title = {Prostate cancer in young men: an important clinical entity},
  volume = {11},
  issn = {1759-4820},
  doi = {10.1038/nrurol.2014.91},
  number = {6},
  journal = {Nature Reviews. Urology},
  author = {Salinas, Claudia A. and Tsodikov, Alex and Ishak-Howard, Miriam and Cooney, Kathleen A.},
  year = {2014},
  pages = {317--323},
  pmid = {24818853},
  pmcid = {PMC4191828}
}

@article{jahn_high_2015,
  title = {The high prevalence of undiagnosed prostate cancer at autopsy: implications for epidemiology and treatment of prostate cancer in the Prostate-specific Antigen-era},
  volume = {137},
  issn = {1097-0215},
  doi = {10.1002/ijc.29408},
  number = {12},
  journal = {International Journal of Cancer. Journal International Du Cancer},
  author = {Jahn, Jaquelyn L. and Giovannucci, Edward L. and Stampfer, Meir J.},
  year = {2015},
  pages = {2795--2802},
  pmid = {25557753},
  pmcid = {PMC4485977}
}

@article{boorjian_mayo_2008,
  title = {Mayo Clinic validation of the D'amico risk group classification for predicting survival following radical prostatectomy},
  volume = {179},
  issn = {1527-3792},
  doi = {10.1016/j.juro.2007.11.061},
  number = {4},
  journal = {The Journal of Urology},
  author = {Boorjian, Stephen A. and Karnes, R. Jeffrey and Rangel, Laureano J. and Bergstralh, Eric J. and Blute, Michael L.},
  year = {2008},
  pages = {1354--1360; discussion 1360--1361},
  pmid = {18289596}
}

@article{freedland_obesity_2007,
  title = {Obesity and prostate cancer: making sense out of apparently conflicting data},
  volume = {29},
  issn = {0193-936X},
  doi = {10.1093/epirev/mxm006},
  journal = {Epidemiologic Reviews},
  author = {Freedland, Stephen J. and Platz, Elizabeth A.},
  year = {2007},
  pages = {88--97},
  pmid = {17478439}
}

@article{flegal_comparisons_2009,
  title = {Comparisons of percentage body fat, body mass index, waist circumference, and waist-stature ratio in adults},
  volume = {89},
  issn = {1938-3207},
  doi = {10.3945/ajcn.2008.26847},
  number = {2},
  journal = {The American Journal of Clinical Nutrition},
  author = {Flegal, Katherine M. and Shepherd, John A. and Looker, Anne C. and Graubard, Barry I. and Borrud, Lori G. and Ogden, Cynthia L. and Harris, Tamara B. and Everhart, James E. and Schenker, Nathaniel},
  year = {2009},
  pages = {500--508},
  pmid = {19116329},
  pmcid = {PMC2647766}
}

@article{shmueli_explain_2010,
  title = {To Explain or to Predict?},
  volume = {25},
  issn = {0883-4237, 2168-8745},
  doi = {10.1214/10-STS330},
  number = {3},
  urldate = {2015-10-09},
  journal = {Statistical Science},
  author = {Shmueli, Galit},
  year = {2010},
  pages = {289--310},
  mrnumber = {MR2791669}
}

@article{thompson_effect_2006,
  title = {Effect of finasteride on the sensitivity of PSA for detecting prostate cancer},
  volume = {98},
  issn = {1460-2105},
  doi = {10.1093/jnci/djj307},
  number = {16},
  journal = {Journal of the National Cancer Institute},
  author = {Thompson, Ian M. and Chi, Chen and Ankerst, Donna Pauler and Goodman, Phyllis J. and Tangen, Catherine M. and Lippman, Scott M. and Lucia, M. Scott and Parnes, Howard L. and Coltman, Charles A.},
  year = {2006},
  pages = {1128--1133},
  pmid = {16912265}
}

@article{rosenthal_statistical_1985,
  title = {Statistical analysis: Summarizing evidence versus establishing facts},
  volume = {97},
  copyright = {(c) 2012 APA, all rights reserved},
  issn = {1939-1455(Electronic);0033-2909(Print)},
  doi = {10.1037/0033-2909.97.3.527},
  number = {3},
  journal = {Psychological Bulletin},
  author = {Rosenthal, Robert and Rubin, Donald B.},
  year = {1985},
  pages = {527--529}
}

@article{renehan_bodymass_2008,
  title = {Body-mass index and incidence of cancer: a systematic review and meta-analysis of prospective observational studies},
  volume = {371},
  issn = {1474-547X},
  doi = {10.1016/S0140-6736(08)60269-X},
  number = {9612},
  journal = {Lancet (London, England)},
  author = {Renehan, Andrew G. and Tyson, Margaret and Egger, Matthias and Heller, Richard F. and Zwahlen, Marcel},
  year = {2008},
  pages = {569--578},
  pmid = {18280327}
}

@article{cooperberg_university_2005,
  title = {The University of California, San Francisco Cancer of the Prostate Risk Assessment score: a straightforward and reliable preoperative predictor of disease recurrence after radical prostatectomy},
  volume = {173},
  issn = {0022-5347},
  doi = {10.1097/01.ju.0000158155.33890.e7},
  number = {6},
  journal = {The Journal of Urology},
  author = {Cooperberg, Matthew R. and Pasta, David J. and Elkin, Eric P. and Litwin, Mark S. and Latini, David M. and Du Chane, Janeen and Carroll, Peter R.},
  year = {2005},
  pages = {1938--1942},
  pmid = {15879786},
  pmcid = {PMC2948569}
}

@article{hsing_obesity_2007,
  title = {Obesity, metabolic syndrome, and prostate cancer},
  volume = {86},
  issn = {0002-9165},
  number = {3},
  journal = {The American Journal of Clinical Nutrition},
  author = {Hsing, Ann W. and Sakoda, Lori C. and Chua, Streamson},
  year = {2007},
  pages = {s843--857},
  pmid = {18265478}
}

@article{heidenreich_eau_2014,
  title = {EAU guidelines on prostate cancer. part 1: screening, diagnosis, and local treatment with curative intent-update 2013},
  volume = {65},
  issn = {1873-7560},
  doi = {10.1016/j.eururo.2013.09.046},
  number = {1},
  journal = {European Urology},
  author = {Heidenreich, Axel and Bastian, Patrick J. and Bellmunt, Joaquim and Bolla, Michel and Joniau, Steven and {van der Kwast}, Theodor and Mason, Malcolm and Matveev, Vsevolod and Wiegel, Thomas and Zattoni, F. and Mottet, Nicolas and {European Association of Urology}},
  year = {2014},
  pages = {124--137},
  pmid = {24207135}
}

@article{cuzick_prevention_2014,
  title = {Prevention and early detection of prostate cancer},
  volume = {15},
  issn = {1474-5488},
  doi = {10.1016/S1470-2045(14)70211-6},
  number = {11},
  journal = {The Lancet. Oncology},
  author = {Cuzick, Jack and Thorat, Mangesh A. and Andriole, Gerald and Brawley, Otis W. and Brown, Powel H. and Culig, Zoran and Eeles, Rosalind A. and Ford, Leslie G. and Hamdy, Freddie C. and Holmberg, Lars and Ilic, Dragan and Key, Timothy J. and La Vecchia, Carlo and Lilja, Hans and Marberger, Michael and Meyskens, Frank L. and Minasian, Lori M. and Parker, Chris and Parnes, Howard L. and Perner, Sven and Rittenhouse, Harry and Schalken, Jack and Schmid, Hans-Peter and Schmitz-Dr{\"a}ger, Bernd J. and Schr{\"o}der, Fritz H. and Stenzl, Arnulf and Tombal, Bertrand and Wilt, Timothy J. and Wolk, Alicja},
  year = {2014},
  pages = {e484--492},
  pmid = {25281467},
  pmcid = {PMC4203149}
}

@article{nordstrom_prostatespecific_2013,
  title = {Prostate-specific antigen (PSA) testing is prevalent and increasing in Stockholm County, Sweden, Despite no recommendations for PSA screening: results from a population-based study, 2003-2011},
  volume = {63},
  issn = {1873-7560},
  doi = {10.1016/j.eururo.2012.10.001},
  number = {3},
  journal = {European Urology},
  author = {Nordstr{\"o}m, Tobias and Aly, Markus and Clements, Mark S. and Weibull, Caroline E. and Adolfsson, Jan and Gr{\"o}nberg, Henrik},
  year = {2013},
  pages = {419--425},
  pmid = {23083803}
}

@article{welch_overdiagnosis_2010,
  title = {Overdiagnosis in cancer},
  volume = {102},
  issn = {1460-2105},
  doi = {10.1093/jnci/djq099},
  number = {9},
  journal = {Journal of the National Cancer Institute},
  author = {Welch, H. Gilbert and Black, William C.},
  year = {2010},
  pages = {605--613},
  pmid = {20413742}
}

@techreport{wcrf_continuous_2014,
  title = {Continuous Update Project Report: Diet, Nutrition, Physical Activity, and Prostate Cancer},
  url = {http://www.wcrf.org/sites/default/files/Prostate-Cancer-2014-Report.pdf},
  institution = {World Cancer Research Fund International and American Institute for Cancer Research},
  author = {{WCRF} and {AICR}},
  year = {2014}
}

@article{jonsson_uptake_2011,
  title = {Uptake of prostate-specific antigen testing for early prostate cancer detection in Sweden},
  volume = {129},
  issn = {1097-0215},
  doi = {10.1002/ijc.25846},
  number = {8},
  journal = {International Journal of Cancer. Journal International Du Cancer},
  author = {Jonsson, H{\aa}kan and Holmstr{\"o}m, Benny and Duffy, Stephen W. and Stattin, P{\"a}r},
  year = {2011},
  pages = {1881--1888},
  pmid = {21154740}
}

@techreport{npcr_prostatacancer_2013,
  title = {Prostatacancer. {\AA}rsrapport fr{\aa}n Nationella prostatacancerregistret 2013},
  url = {http://npcr.se/wp-content/uploads/2013/04/20140926-NPCR-Rapport-2013-FINAL.pdf},
  institution = {Nationella prostatacancerregistret},
  author = {{NPCR}},
  year = {2013}
}

@article{cao_body_2011,
  title = {Body mass index, prostate cancer-specific mortality, and biochemical recurrence: a systematic review and meta-analysis},
  volume = {4},
  issn = {1940-6215},
  doi = {10.1158/1940-6207.CAPR-10-0229},
  number = {4},
  journal = {Cancer Prevention Research},
  author = {Cao, Yin and Ma, Jing},
  year = {2011},
  pages = {486--501},
  pmid = {21233290},
  pmcid = {PMC3071449}
}

@article{mohler_prostate_2014,
  title = {Prostate cancer, version 2.2014},
  volume = {12},
  issn = {1540-1413},
  number = {5},
  journal = {Journal of the National Comprehensive Cancer Network: JNCCN},
  author = {Mohler, James L. and Kantoff, Philip W. and Armstrong, Andrew J. and Bahnson, Robert R. and Cohen, Michael and D'Amico, Anthony Victor and Eastham, James A. and Enke, Charles A. and Farrington, Thomas A. and Higano, Celestia S. and Horwitz, Eric Mark and Kane, Christopher J. and Kawachi, Mark H. and Kuettel, Michael and Kuzel, Timothy M. and Lee, Richard J. and Malcolm, Arnold W. and Miller, David and Plimack, Elizabeth R. and Pow-Sang, Julio M. and Raben, David and Richey, Sylvia and Roach, Mack and Rohren, Eric and Rosenfeld, Stan and Schaeffer, Edward and Small, Eric J. and Sonpavde, Guru and Srinivas, Sandy and Stein, Cy and Strope, Seth A. and Tward, Jonathan and Shead, Dorothy A. and Ho, Maria and {National Comprehensive Cancer Network}},
  year = {2014},
  pages = {686--718},
  pmid = {24812137}
}

@article{hosmer_comparison_1997,
  title = {A comparison of goodness-of-fit tests for the logistic regression model},
  volume = {16},
  issn = {0277-6715},
  number = {9},
  journal = {Statistics in Medicine},
  author = {Hosmer, D. W. and Hosmer, T. and Le Cessie, S. and Lemeshow, S.},
  year = {1997},
  pages = {965--980},
  pmid = {9160492}
}

@article{draisma_lead_2009,
  title = {Lead time and overdiagnosis in prostate-specific antigen screening: importance of methods and context},
  volume = {101},
  issn = {1460-2105},
  doi = {10.1093/jnci/djp001},
  number = {6},
  journal = {Journal of the National Cancer Institute},
  author = {Draisma, Gerrit and Etzioni, Ruth and Tsodikov, Alex and Mariotto, Angela and Wever, Elisabeth and Gulati, Roman and Feuer, Eric and {de Koning}, Harry},
  year = {2009},
  pages = {374--383},
  pmid = {19276453},
  pmcid = {PMC2720697}
}

@article{freedland_are_2006,
  title = {Are findings from studies of obesity and prostate cancer really in conflict?},
  volume = {17},
  issn = {0957-5243},
  doi = {10.1007/s10552-005-0378-3},
  number = {1},
  journal = {Cancer causes \& control: CCC},
  author = {Freedland, Stephen J. and Giovannucci, Edward and Platz, Elizabeth A.},
  year = {2006},
  pages = {5--9},
  pmid = {16411047}
}

@article{lilja_prostatespecific_2008,
  title = {Prostate-specific antigen and prostate cancer: prediction, detection and monitoring},
  volume = {8},
  issn = {1474-1768},
  doi = {10.1038/nrc2351},
  number = {4},
  journal = {Nature Reviews. Cancer},
  author = {Lilja, Hans and Ulmert, David and Vickers, Andrew J.},
  year = {2008},
  pages = {268--278},
  pmid = {18337732}
}

@article{stattin_prostate_2014,
  title = {Prostate cancer mortality in areas with high and low prostate cancer incidence},
  volume = {106},
  issn = {1460-2105},
  doi = {10.1093/jnci/dju007},
  number = {3},
  journal = {Journal of the National Cancer Institute},
  author = {Stattin, P{\"a}r and Carlsson, Sigrid and Holmstr{\"o}m, Benny and Vickers, Andrew and Hugosson, Jonas and Lilja, Hans and Jonsson, H{\aa}kan},
  year = {2014},
  pages = {dju007},
  pmid = {24610909},
  pmcid = {PMC3982781}
}

@techreport{socialstyrelsen_screening_2013,
  title = {Screening f{\"o}r prostatacancer. Rekommendation och bed{\"o}mningsunderlag},
  url = {https://www.socialstyrelsen.se/SiteCollectionDocuments/screening-prostatacancer-rekommendation.pdf},
  institution = {Socialstyrelsen},
  author = {Socialstyrelsen},
  year = {2013}
}

@article{macinnis_body_2006,
  title = {Body size and composition and prostate cancer risk: systematic review and meta-regression analysis},
  volume = {17},
  issn = {0957-5243},
  doi = {10.1007/s10552-006-0049-z},
  number = {8},
  journal = {Cancer causes \& control: CCC},
  author = {MacInnis, Robert J. and English, Dallas R.},
  year = {2006},
  pages = {989--1003},
  pmid = {16933050}
}

@article{discacciati_re_2014,
  title = {Re: Coffee consumption and risk of prostate cancer: an up-to-date meta-analysis},
  volume = {68},
  issn = {1476-5640},
  doi = {10.1038/ejcn.2013.292},
  number = {3},
  journal = {European Journal of Clinical Nutrition},
  author = {Discacciati, A. and Orsini, N.},
  year = {2014},
  pages = {409--410},
  pmid = {24448493}
}

@article{rizzuto_lifestyle_2012,
  title = {Lifestyle, social factors, and survival after age 75: population based study},
  volume = {345},
  issn = {1756-1833},
  journal = {BMJ (Clinical research ed.)},
  author = {Rizzuto, Debora and Orsini, Nicola and Qiu, Chengxuan and Wang, Hui-Xin and Fratiglioni, Laura},
  year = {2012},
  pages = {e5568},
  pmid = {22936786},
  pmcid = {PMC3431442}
}

@article{discacciati_coffee_2013,
  title = {Coffee consumption and risk of localized, advanced and fatal prostate cancer: a population-based prospective study},
  volume = {24},
  issn = {1569-8041},
  doi = {10.1093/annonc/mdt105},
  number = {7},
  journal = {Annals of oncology: official journal of the European Society for Medical Oncology / ESMO},
  author = {Discacciati, A. and Orsini, N. and Andersson, S.-O. and Andr{\'e}n, O. and Johansson, J.-E. and Mantzoros, C. S. and Wolk, A.},
  year = {2013},
  pages = {1912--1918},
  pmid = {23508823}
}

@article{hsing_androgen_2008,
  title = {Androgen and prostate cancer: is the hypothesis dead?},
  volume = {17},
  issn = {1055-9965},
  doi = {10.1158/1055-9965.EPI-08-0448},
  number = {10},
  journal = {Cancer Epidemiology, Biomarkers \& Prevention: A Publication of the American Association for Cancer Research, Cosponsored by the American Society of Preventive Oncology},
  author = {Hsing, Ann W. and Chu, Lisa W. and Stanczyk, Frank Z.},
  year = {2008},
  pages = {2525--2530},
  pmid = {18842992}
}

@article{lai_confidence_2006,
  title = {Confidence intervals for survival quantiles in the Cox regression model},
  volume = {12},
  issn = {1380-7870, 1572-9249},
  doi = {10.1007/s10985-006-9024-y},
  number = {4},
  urldate = {2015-09-09},
  journal = {Lifetime Data Analysis},
  author = {Lai, Tze Leung and Su, Zheng},
  year = {2006},
  pages = {407--419}
}

@article{burr_comparison_1994,
  title = {A Comparison of Certain Bootstrap Confidence Intervals in the Cox Model},
  volume = {89},
  issn = {01621459},
  doi = {10.2307/2290992},
  number = {428},
  urldate = {2015-09-09},
  journal = {Journal of the American Statistical Association},
  author = {Burr, Deborah},
  year = {1994},
  pages = {1290}
}

@article{portnoy_censored_2003,
  title = {Censored regression quantiles},
  volume = {98},
  number = {464},
  journal = {Journal of the American Statistical Association},
  author = {Portnoy, S},
  year = {2003},
  pages = {1001--1012}
}

@article{powell_censored_1986,
  title = {Censored regression quantiles},
  volume = {32},
  issn = {0304-4076},
  number = {1},
  urldate = {2015-09-10},
  journal = {Journal of Econometrics},
  author = {Powell, James L.},
  year = {1986},
  pages = {143--155}
}

@article{peng_survival_2008,
  title = {Survival Analysis With Quantile Regression Models},
  volume = {103},
  issn = {0162-1459},
  doi = {10.1198/016214508000000355},
  number = {482},
  urldate = {2015-09-10},
  journal = {Journal of the American Statistical Association},
  author = {Peng, Limin and Huang, Yijian},
  year = {2008},
  pages = {637--649}
}

@article{wang_locally_2009,
  title = {Locally Weighted Censored Quantile Regression},
  volume = {104},
  issn = {0162-1459},
  doi = {10.1198/jasa.2009.tm08230},
  number = {487},
  urldate = {2015-09-10},
  journal = {Journal of the American Statistical Association},
  author = {Wang, Huixia Judy and Wang, Lan},
  year = {2009},
  pages = {1117--1128}
}

@article{bellavia_using_2015,
  title = {Using Laplace Regression to Model and Predict Percentiles of Age at Death When Age Is the Primary Time Scale},
  volume = {182},
  issn = {1476-6256},
  doi = {10.1093/aje/kwv033},
  number = {3},
  journal = {American Journal of Epidemiology},
  author = {Bellavia, Andrea and Discacciati, Andrea and Bottai, Matteo and Wolk, Alicja and Orsini, Nicola},
  year = {2015},
  pages = {271--277},
  pmid = {26093508}
}

@article{bellavia_adjusted_2015,
  title = {Adjusted survival curves with multivariable laplace regression},
  volume = {26},
  issn = {1531-5487},
  doi = {10.1097/EDE.0000000000000248},
  number = {2},
  journal = {Epidemiology (Cambridge, Mass.)},
  author = {Bellavia, Andrea and Bottai, Matteo and Discacciati, Andrea and Orsini, Nicola},
  year = {2015},
  pages = {e17--18},
  pmid = {25643112}
}

@article{bottai_laplace_2010,
  title = {Laplace regression with censored data},
  volume = {52},
  issn = {1521-4036},
  doi = {10.1002/bimj.200900310},
  number = {4},
  journal = {Biometrical Journal. Biometrische Zeitschrift},
  author = {Bottai, Matteo and Zhang, Jiajia},
  year = {2010},
  pages = {487--503},
  pmid = {20680972}
}

@article{yu_threeparameter_2005,
  title = {A Three-Parameter Asymmetric Laplace Distribution and Its Extension},
  volume = {34},
  issn = {0361-0926},
  doi = {10.1080/03610920500199018},
  number = {9-10},
  urldate = {2015-09-10},
  journal = {Communications in Statistics - Theory and Methods},
  author = {Yu, Keming and Zhang, Jin},
  year = {2005},
  pages = {1867--1879}
}

@article{bottai_gradient_2015,
  title = {A gradient search maximization algorithm for the asymmetric Laplace likelihood},
  volume = {85},
  issn = {0094-9655},
  doi = {10.1080/00949655.2014.908879},
  number = {10},
  urldate = {2015-09-10},
  journal = {Journal of Statistical Computation and Simulation},
  author = {Bottai, Matteo and Orsini, Nicola and Geraci, Marco},
  year = {2015},
  pages = {1919--1925}
}

@article{bottai_command_2013,
  title = {A command for Laplace regression},
  volume = {13},
  number = {2},
  journal = {The Stata Journal},
  author = {Bottai, Matteo and Orsini, Nicola},
  year = {2013},
  pages = {302--314}
}

@article{discacciati_coffee_2014,
  title = {Coffee consumption and risk of nonaggressive, aggressive and fatal prostate cancer--a dose-response meta-analysis},
  volume = {25},
  issn = {1569-8041},
  doi = {10.1093/annonc/mdt420},
  number = {3},
  journal = {Annals of oncology: official journal of the European Society for Medical Oncology / ESMO},
  author = {Discacciati, A. and Orsini, N. and Wolk, A.},
  year = {2014},
  pages = {584--591},
  pmid = {24276028},
  pmcid = {PMC4433502}
}

@article{boffetta_consortium_2014,
  title = {The Consortium on Health and Ageing: Network of Cohorts in Europe and the United States (CHANCES) project--design, population and data harmonization of a large-scale, international study},
  volume = {29},
  issn = {1573-7284},
  doi = {10.1007/s10654-014-9977-1},
  number = {12},
  journal = {European Journal of Epidemiology},
  author = {Boffetta, Paolo and Bobak, Martin and Borsch-Supan, Axel and Brenner, Hermann and Eriksson, Sture and Grodstein, Fran and Jansen, Eugene and Jenab, Mazda and Juerges, Hendrik and Kampman, Ellen and Kee, Frank and Kuulasmaa, Kari and Park, Yikyung and Tjonneland, Anne and {van Duijn}, Cornelia and Wilsgaard, Tom and Wolk, Alicja and Trichopoulos, Dimitrios and Bamia, Christina and Trichopoulou, Antonia},
  year = {2014},
  pages = {929--936},
  pmid = {25504016}
}

@article{muezzinler_smoking_2015,
  title = {Smoking and All-cause Mortality in Older Adults: Results From the CHANCES Consortium},
  volume = {49},
  issn = {1873-2607},
  doi = {10.1016/j.amepre.2015.04.004},
  number = {5},
  journal = {American Journal of Preventive Medicine},
  author = {M{\"u}ezzinler, Aysel and Mons, Ute and Gellert, Carolin and Sch{\"o}ttker, Ben and Jansen, Eug{\`e}ne and Kee, Frank and O'Doherty, Mark G. and Kuulasmaa, Kari and Freedman, Neal D. and Abnet, Christian C. and Wolk, Alicja and H{\aa}kansson, Niclas and Orsini, Nicola and Wilsgaard, Tom and Bueno-de-Mesquita, Bas and {van der Schouw}, Yvonne T. and Peeters, Petra H. M. and {de Groot}, Lisette C. P. G. M. and Peters, Annette and Orfanos, Philippos and Linneberg, Allan and Pisinger, Charlotta and Tamosiunas, Abdonas and Baceviciene, Migle and Luksiene, Dalia and Bernotiene, Gailute and Jousilahti, Pekka and Petterson-Kymmer, Ulrika and Jansson, Jan H{\aa}kan and S{\"o}derberg, Stefan and Eriksson, Sture and Jankovic, Nicole and S{\'a}nchez, Mar{\'\i}a-Jos{\'e} and Veronesi, Giovanni and Sans, Susana and Drygas, Wojciech and Trichopoulou, Antonia and Boffetta, Paolo and Brenner, Hermann},
  year = {2015},
  pages = {e53--63},
  pmid = {26188685}
}

@article{bellavia_fruit_2013,
  title = {Fruit and vegetable consumption and all-cause mortality: a dose-response analysis},
  volume = {98},
  issn = {1938-3207},
  doi = {10.3945/ajcn.112.056119},
  number = {2},
  journal = {The American Journal of Clinical Nutrition},
  author = {Bellavia, Andrea and Larsson, Susanna C. and Bottai, Matteo and Wolk, Alicja and Orsini, Nicola},
  year = {2013},
  pages = {454--459},
  pmid = {23803880}
}

@article{bellavia_evaluating_2016,
  title = {Evaluating additive interaction using survival percentiles},
  journal = {Epidemiology (Cambridge, Mass.)},
  author = {Bellavia, Andrea and Bottai, Matteo and Orsini, Nicola},
  year = {2016},
  pages = {In press}
}

@book{lawless_statistical_2003,
  address = {Hoboken, N.J},
  edition = {2nd},
  series = {Wiley series in probability and statistics},
  title = {Statistical models and methods for lifetime data},
  isbn = {978-0-471-37215-8},
  lccn = {QA276 .L328 2003},
  publisher = {Wiley-Interscience},
  author = {Lawless, Jerald F.},
  year = {2003}
}

@article{discacciati_interpretation_2015,
  title = {On the interpretation of risk and rate advancement periods},
  journal = {International Journal of Epidemiology},
  author = {Discacciati, Andrea and Bellavia, Andrea and Orsini, Nicola and Greenland, Sander},
  pages = {conditionally accepted},
  year = {2015}
}

@article{rahman_relationship_2014,
  title = {Relationship between physical activity and heart failure risk in women},
  volume = {7},
  issn = {1941-3297},
  doi = {10.1161/CIRCHEARTFAILURE.114.001467},
  number = {6},
  journal = {Circulation. Heart Failure},
  author = {Rahman, Iffat and Bellavia, Andrea and Wolk, Alicja},
  year = {2014},
  pages = {877--881},
  pmid = {25236882}
}

@article{bellavia_sleep_2014,
  title = {Sleep duration and survival percentiles across categories of physical activity},
  volume = {179},
  issn = {1476-6256},
  doi = {10.1093/aje/kwt280},
  number = {4},
  journal = {American Journal of Epidemiology},
  author = {Bellavia, Andrea and {\AA}kerstedt, Torbj{\"o}rn and Bottai, Matteo and Wolk, Alicja and Orsini, Nicola},
  year = {2014},
  pages = {484--491},
  pmid = {24264294}
}

@article{jackson_extending_2010,
  title = {Extending DerSimonian and Laird's methodology to perform multivariate random effects meta-analyses},
  volume = {29},
  issn = {1097-0258},
  doi = {10.1002/sim.3602},
  number = {12},
  journal = {Statistics in Medicine},
  author = {Jackson, Dan and White, Ian R. and Thompson, Simon G.},
  year = {2010},
  pages = {1282--1297},
  pmid = {19408255}
}

@article{jackson_multivariate_2011,
  title = {Multivariate meta-analysis: potential and promise},
  volume = {30},
  issn = {1097-0258},
  doi = {10.1002/sim.4172},
  number = {20},
  journal = {Statistics in Medicine},
  author = {Jackson, Dan and Riley, Richard and White, Ian R.},
  year = {2011},
  pages = {2481--2498},
  pmid = {21268052},
  pmcid = {PMC3470931}
}

@article{arends_combining_2003,
  title = {Combining multiple outcome measures in a meta-analysis: an application},
  volume = {22},
  issn = {0277-6715},
  doi = {10.1002/sim.1370},
  number = {8},
  journal = {Statistics in Medicine},
  author = {Arends, Lidia R. and Vok{\'o}, Zolt{\'a}n and Stijnen, Theo},
  year = {2003},
  pages = {1335--1353},
  pmid = {12687658}
}

@article{white_multivariate_2011,
  title = {Multivariate random-effects meta-regression: Updates to mvmeta},
  volume = {11},
  number = {2},
  journal = {The Stata Journal},
  author = {White, Ian R.},
  year = {2011},
  pages = {255--270}
}

@article{dersimonian_metaanalysis_1986,
  title = {Meta-analysis in clinical trials},
  volume = {7},
  issn = {0197-2456},
  number = {3},
  journal = {Controlled Clinical Trials},
  author = {DerSimonian, R. and Laird, N.},
  year = {1986},
  pages = {177--188},
  pmid = {3802833}
}

@article{uno_moving_2014,
  title = {Moving beyond the hazard ratio in quantifying the between-group difference in survival analysis},
  volume = {32},
  issn = {1527-7755},
  doi = {10.1200/JCO.2014.55.2208},
  number = {22},
  journal = {Journal of Clinical Oncology: Official Journal of the American Society of Clinical Oncology},
  author = {Uno, Hajime and Claggett, Brian and Tian, Lu and Inoue, Eisuke and Gallo, Paul and Miyata, Toshio and Schrag, Deborah and Takeuchi, Masahiro and Uyama, Yoshiaki and Zhao, Lihui and Skali, Hicham and Solomon, Scott and Jacobus, Susanna and Hughes, Michael and Packer, Milton and Wei, Lee-Jen},
  year = {2014},
  pages = {2380--2385},
  pmid = {24982461},
  pmcid = {PMC4105489}
}

@article{discacciati_lifestyle_2014,
  title = {Lifestyle and dietary factors in prostate cancer prevention},
  volume = {202},
  issn = {0080-0015},
  doi = {10.1007/978-3-642-45195-9_3},
  journal = {Recent Results in Cancer Research. Fortschritte Der Krebsforschung. Progr{\`e}s Dans Les Recherches Sur Le Cancer},
  author = {Discacciati, Andrea and Wolk, Alicja},
  year = {2014},
  pages = {27--37},
  pmid = {24531774}
}

@article{rucker_undue_2008,
  title = {Undue reliance on I(2) in assessing heterogeneity may mislead},
  volume = {8},
  issn = {1471-2288},
  doi = {10.1186/1471-2288-8-79},
  journal = {BMC medical research methodology},
  author = {R{\"u}cker, Gerta and Schwarzer, Guido and Carpenter, James R. and Schumacher, Martin},
  year = {2008},
  pages = {79},
  pmid = {19036172},
  pmcid = {PMC2648991}
}

@article{koenker_note_2011,
  title = {A note on Laplace regression with censored data},
  volume = {53},
  issn = {1521-4036},
  doi = {10.1002/bimj.201100071},
  number = {5},
  journal = {Biometrical Journal. Biometrische Zeitschrift},
  author = {Koenker, Roger},
  year = {2011},
  pages = {855--860; author reply 861--866},
  pmid = {21805489}
}

@article{bottai_authors_2011,
  title = {Authors' reply},
  volume = {53},
  copyright = {Copyright {\textcopyright} 2011 WILEY-VCH Verlag GmbH \& Co. KGaA, Weinheim},
  issn = {1521-4036},
  doi = {10.1002/bimj.201100103},
  number = {5},
  urldate = {2015-09-18},
  journal = {Biometrical Journal. Biometrische Zeitschrift},
  author = {Bottai, Matteo and Zhang, Jiajia},
  year = {2011},
  pages = {861--866}
}

@article{yuan_bayesian_2010,
  title = {Bayesian quantile regression for longitudinal studies with nonignorable missing data},
  volume = {66},
  issn = {1541-0420},
  doi = {10.1111/j.1541-0420.2009.01269.x},
  number = {1},
  journal = {Biometrics},
  author = {Yuan, Ying and Yin, Guosheng},
  year = {2010},
  pages = {105--114},
  pmid = {19459836}
}

@article{liu_mixedeffects_2009,
  title = {Mixed-effects models for conditional quantiles with longitudinal data},
  volume = {5},
  issn = {2194-573X},
  number = {1},
  journal = {The International Journal of Biostatistics},
  author = {Liu, Yuan and Bottai, Matteo},
  year = {2009},
  pages = {Article 28},
  pmid = {26204606}
}

@article{lee_bayesian_2010,
  title = {Bayesian quantile regression for count data with application to environmental epidemiology},
  volume = {59},
  copyright = {{\textcopyright} 2010 Royal Statistical Society},
  issn = {1467-9876},
  doi = {10.1111/j.1467-9876.2010.00725.x},
  number = {5},
  urldate = {2015-09-19},
  journal = {Journal of the Royal Statistical Society: Series C (Applied Statistics)},
  author = {Lee, Duncan and Neocleous, Tereza},
  year = {2010},
  pages = {905--920}
}

@article{farcomeni_quantile_2010,
  title = {Quantile regression for longitudinal data based on latent Markov subject-specific parameters},
  volume = {22},
  issn = {0960-3174, 1573-1375},
  doi = {10.1007/s11222-010-9213-0},
  number = {1},
  urldate = {2015-09-19},
  journal = {Statistics and Computing},
  author = {Farcomeni, Alessio},
  year = {2010},
  pages = {141--152}
}

@article{harris_swedish_2013,
  title = {The Swedish mammography cohort and the cohort of Swedish men: study design and characteristics of two population-based longitudinal cohorts},
  volume = {1},
  number = {2},
  journal = {OA Epidemiology},
  author = {Harris, H and H{\aa}kansson, N and Olofsson, C and Stackelberg, O and Julin, B and {\AA}kesson, A and Wolk, A},
  year = {2013},
  pages = {16}
}

@article{barlow_completeness_2009,
  title = {The completeness of the Swedish Cancer Register: a sample survey for year 1998},
  volume = {48},
  issn = {1651-226X},
  doi = {10.1080/02841860802247664},
  number = {1},
  journal = {Acta Oncologica (Stockholm, Sweden)},
  author = {Barlow, Lotti and Westergren, Kerstin and Holmberg, Lars and Talb{\"a}ck, Mats},
  year = {2009},
  pages = {27--33},
  pmid = {18767000}
}

@article{tomic_evaluation_2015,
  title = {Evaluation of data quality in the National Prostate Cancer Register of Sweden},
  volume = {51},
  issn = {1879-0852},
  doi = {10.1016/j.ejca.2014.10.025},
  number = {1},
  journal = {European Journal of Cancer (Oxford, England: 1990)},
  author = {Tomic, Katarina and Sandin, Fredrik and Wigertz, Annette and Robinson, David and Lambe, Mats and Stattin, P{\"a}r},
  year = {2015},
  pages = {101--111},
  pmid = {25465187}
}

@article{vanhemelrijck_cohort_2013,
  title = {Cohort Profile: the National Prostate Cancer Register of Sweden and Prostate Cancer data Base Sweden 2.0},
  volume = {42},
  issn = {1464-3685},
  doi = {10.1093/ije/dys068},
  number = {4},
  journal = {International Journal of Epidemiology},
  author = {{van Hemelrijck}, Mieke and Wigertz, Annette and Sandin, Fredrik and Garmo, Hans and Hellstr{\"o}m, Karin and Fransson, Per and Widmark, Anders and Lambe, Mats and Adolfsson, Jan and Varenhorst, Eberhard and Johansson, Jan-Erik and Stattin, P{\"a}r and {NPCR and PCBaSe Sweden}},
  year = {2013},
  pages = {956--967},
  pmid = {22561842}
}

@article{fall_reliability_2008,
  title = {Reliability of death certificates in prostate cancer patients},
  volume = {42},
  issn = {0036-5599},
  doi = {10.1080/00365590802078583},
  number = {4},
  journal = {Scandinavian Journal of Urology and Nephrology},
  author = {Fall, Katja and Str{\"o}mberg, Fredrik and Rosell, Johan and Andr{\`e}n, Ove and Varenhorst, Eberhard and {South-East Region Prostate Cancer Group}},
  year = {2008},
  pages = {352--357},
  pmid = {18609293}
}

@article{godtman_high_2011,
  title = {High accuracy of Swedish death certificates in men participating in screening for prostate cancer: a comparative study of official death certificates with a cause of death committee using a standardized algorithm},
  volume = {45},
  issn = {1651-2065},
  doi = {10.3109/00365599.2011.559950},
  number = {4},
  journal = {Scandinavian Journal of Urology and Nephrology},
  author = {Godtman, Rebecka and Holmberg, Erik and Stranne, Johan and Hugosson, Jonas},
  year = {2011},
  pages = {226--232},
  pmid = {21463227}
}

@phdthesis{orsini_physical_2008,
  title = {Physical activity and health benefits},
  url = {https://openarchive.ki.se/xmlui/handle/10616/38181},
  school = {Karolinksa Institutet},
  author = {Orsini, Nicola},
  year = {2008}
}

@article{ulm_simple_1990,
  title = {A simple method to calculate the confidence interval of a standardized mortality ratio (SMR)},
  volume = {131},
  issn = {0002-9262},
  number = {2},
  journal = {American Journal of Epidemiology},
  author = {Ulm, K.},
  year = {1990},
  pages = {373--375},
  pmid = {2296988}
}

@article{berry_analysis_1983,
  title = {The analysis of mortality by the subject-years method},
  volume = {39},
  issn = {0006-341X},
  number = {1},
  journal = {Biometrics},
  author = {Berry, G.},
  year = {1983},
  pages = {173--184},
  pmid = {6871346}
}

@article{royston_use_1999,
  title = {The use of fractional polynomials to model continuous risk variables in epidemiology.},
  volume = {28},
  issn = {0300-5771, 1464-3685},
  doi = {10.1093/ije/28.5.964},
  number = {5},
  urldate = {2015-09-22},
  journal = {International Journal of Epidemiology},
  author = {Royston, P. and Ambler, G. and Sauerbrei, W.},
  year = {1999},
  pages = {964--974},
  pmid = {10597998}
}

@article{muldowney_darth_2012,
  title = {The Darth Vader rule},
  volume = {52},
  number = {1},
  urldate = {2015-09-24},
  journal = {Tatra Mountains Mathematical Publications},
  author = {Muldowney, Pat and Ostaszewski, Krzysztof and Wojdowski, Wojciech},
  year = {2012},
  pages = {53--63}
}

@misc{discacciati_stphcoxrcs_2015,
  title = {STPHCOXRCS: Stata module to check proportional-hazards assumption using restricted cubic splines},
  url = {http://econpapers.repec.org/software/bocbocode/s458073.htm},
  urldate = {2015-09-25},
  author = {Discacciati, Andrea and Oskarsson, Viktor and Orsini, Nicola},
  year = {2015}
}

@article{koenker_censored_2008,
  title = {Censored Quantile Regression Redux},
  volume = {27},
  issn = {1548-7660},
  doi = {10.18637/jss.v027.i06},
  number = {6},
  urldate = {2015-09-25},
  journal = {Journal of Statistical Software},
  author = {Koenker, Roger},
  year = {2008}
}

@article{gong_obesity_2006,
  title = {Obesity, diabetes, and risk of prostate cancer: results from the prostate cancer prevention trial},
  volume = {15},
  issn = {1055-9965},
  doi = {10.1158/1055-9965.EPI-06-0477},
  number = {10},
  journal = {Cancer Epidemiology, Biomarkers \& Prevention: A Publication of the American Association for Cancer Research, Cosponsored by the American Society of Preventive Oncology},
  author = {Gong, Zhihong and Neuhouser, Marian L. and Goodman, Phyllis J. and Albanes, Demetrius and Chi, Chen and Hsing, Ann W. and Lippman, Scott M. and Platz, Elizabeth A. and Pollak, Michael N. and Thompson, Ian M. and Kristal, Alan R.},
  year = {2006},
  pages = {1977--1983},
  pmid = {17035408}
}

@article{habel_body_2000,
  title = {Body size, age at shaving initiation, and prostate cancer in a large, multiracial cohort},
  volume = {43},
  issn = {0270-4137},
  number = {2},
  journal = {The Prostate},
  author = {Habel, L. A. and Van Den Eeden, S. K. and Friedman, G. D.},
  year = {2000},
  pages = {136--143},
  pmid = {10754529}
}

@article{giovannucci_height_1997,
  title = {Height, body weight, and risk of prostate cancer},
  volume = {6},
  issn = {1055-9965},
  number = {8},
  journal = {Cancer Epidemiology, Biomarkers \& Prevention: A Publication of the American Association for Cancer Research, Cosponsored by the American Society of Preventive Oncology},
  author = {Giovannucci, E. and Rimm, E. B. and Stampfer, M. J. and Colditz, G. A. and Willett, W. C.},
  year = {1997},
  pages = {557--563},
  pmid = {9264267}
}

@article{cerhan_association_1997,
  title = {Association of smoking, body mass, and physical activity with risk of prostate cancer in the Iowa 65+ Rural Health Study (United States)},
  volume = {8},
  issn = {0957-5243},
  number = {2},
  journal = {Cancer causes \& control: CCC},
  author = {Cerhan, J. R. and Torner, J. C. and Lynch, C. F. and Rubenstein, L. M. and Lemke, J. H. and Cohen, M. B. and Lubaroff, D. M. and Wallace, R. B.},
  year = {1997},
  pages = {229--238},
  pmid = {9134247}
}

@article{kurahashi_association_2006,
  title = {Association of body mass index and height with risk of prostate cancer among middle-aged Japanese men},
  volume = {94},
  issn = {0007-0920},
  doi = {10.1038/sj.bjc.6602983},
  number = {5},
  journal = {British Journal of Cancer},
  author = {Kurahashi, N. and Iwasaki, M. and Sasazuki, S. and Otani, T. and Inoue, M. and Tsugane, S.},
  year = {2006},
  pages = {740--742},
  pmid = {16465189},
  pmcid = {PMC2361195}
}

@article{macinnis_body_2003,
  title = {Body size and composition and prostate cancer risk},
  volume = {12},
  issn = {1055-9965},
  number = {12},
  journal = {Cancer Epidemiology, Biomarkers \& Prevention: A Publication of the American Association for Cancer Research, Cosponsored by the American Society of Preventive Oncology},
  author = {MacInnis, Robert J. and English, Dallas R. and Gertig, Dorota M. and Hopper, John L. and Giles, Graham G.},
  year = {2003},
  pages = {1417--1421},
  pmid = {14693731}
}

@article{pischon_body_2008,
  title = {Body size and risk of prostate cancer in the European prospective investigation into cancer and nutrition},
  volume = {17},
  issn = {1055-9965},
  doi = {10.1158/1055-9965.EPI-08-0609},
  number = {11},
  journal = {Cancer Epidemiology, Biomarkers \& Prevention: A Publication of the American Association for Cancer Research, Cosponsored by the American Society of Preventive Oncology},
  author = {Pischon, Tobias and Boeing, Heiner and Weikert, Steffen and Allen, Naomi and Key, Tim and Johnsen, Nina F{\o}ns and Tj{\o}nneland, Anne and Severinsen, Marianne Tang and Overvad, Kim and Rohrmann, Sabine and Kaaks, Rudolf and Trichopoulou, Antonia and Zoi, Gitaki and Trichopoulos, Dimitrios and Pala, Valeria and Palli, Domenico and Tumino, Rosario and Sacerdote, Carlotta and Bueno-de-Mesquita, H. Bas and May, Anne and Manjer, Jonas and Wallstr{\"o}m, Peter and Stattin, P{\"a}r and Hallmans, G{\"o}ran and Buckland, Genevieve and Larra{\~n}aga, Nerea and Chirlaque, Mar{\'\i}a Dolores and Mart{\'\i}nez, Carmen and Redondo Cornejo, Mar{\'\i}a L. and Ardanaz, Eva and Bingham, Sheila and Khaw, Kay-Tee and Rinaldi, Sabina and Slimani, Nadia and Jenab, Mazda and Riboli, Elio},
  year = {2008},
  pages = {3252--3261},
  pmid = {18990768}
}

@article{putnam_lifestyle_2000,
  title = {Lifestyle and anthropometric risk factors for prostate cancer in a cohort of Iowa men},
  volume = {10},
  issn = {1047-2797},
  number = {6},
  journal = {Annals of Epidemiology},
  author = {Putnam, S. D. and Cerhan, J. R. and Parker, A. S. and Bianchi, G. D. and Wallace, R. B. and Cantor, K. P. and Lynch, C. F.},
  year = {2000},
  pages = {361--369},
  pmid = {10964002}
}

@article{rodriguez_body_2007,
  title = {Body mass index, weight change, and risk of prostate cancer in the Cancer Prevention Study II Nutrition Cohort},
  volume = {16},
  issn = {1055-9965},
  doi = {10.1158/1055-9965.EPI-06-0754},
  number = {1},
  journal = {Cancer Epidemiology, Biomarkers \& Prevention: A Publication of the American Association for Cancer Research, Cosponsored by the American Society of Preventive Oncology},
  author = {Rodriguez, Carmen and Freedland, Stephen J. and Deka, Anusila and Jacobs, Eric J. and McCullough, Marjorie L. and Patel, Alpa V. and Thun, Michael J. and Calle, Eugenia E.},
  year = {2007},
  pages = {63--69},
  pmid = {17179486}
}

@article{stocks_blood_2010,
  title = {Blood pressure, body size and prostate cancer risk in the Swedish Construction Workers cohort},
  volume = {127},
  issn = {1097-0215},
  doi = {10.1002/ijc.25171},
  number = {7},
  journal = {International Journal of Cancer. Journal International Du Cancer},
  author = {Stocks, Tanja and Hergens, Maria-Pia and Englund, Anders and Ye, Weimin and Stattin, P{\"a}r},
  year = {2010},
  pages = {1660--1668},
  pmid = {20087861}
}

@article{wallstrom_prospective_2009,
  title = {A prospective Swedish study on body size, body composition, diabetes, and prostate cancer risk},
  volume = {100},
  issn = {1532-1827},
  doi = {10.1038/sj.bjc.6605077},
  number = {11},
  journal = {British Journal of Cancer},
  author = {Wallstr{\"o}m, P. and Bjartell, A. and Gullberg, B. and Olsson, H. and Wirf{\"a}lt, E.},
  year = {2009},
  pages = {1799--1805},
  pmid = {19436298},
  pmcid = {PMC2695694}
}

@article{wright_prospective_2007,
  title = {Prospective study of adiposity and weight change in relation to prostate cancer incidence and mortality},
  volume = {109},
  issn = {0008-543X},
  doi = {10.1002/cncr.22443},
  number = {4},
  journal = {Cancer},
  author = {Wright, Margaret E. and Chang, Shih-Chen and Schatzkin, Arthur and Albanes, Demetrius and Kipnis, Victor and Mouw, Traci and Hurwitz, Paul and Hollenbeck, Albert and Leitzmann, Michael F.},
  year = {2007},
  pages = {675--684},
  pmid = {17211863}
}

@article{crippa_letter_2015,
  title = {Letter: coffee consumption and gallstone disease --- a cautionary note on the assignment of exposure values in dose--response meta-analyses},
  journal = {Alimentary Pharmacology \& Therapeutics},
  author = {Crippa, Alessio and Discacciati, Andrea and Orsini, Nicola and Oskarsson, Viktor},
  year = {2015},
  pages = {In press}
}

@article{bassett_weight_2012,
  title = {Weight change and prostate cancer incidence and mortality},
  volume = {131},
  issn = {1097-0215},
  doi = {10.1002/ijc.27414},
  number = {7},
  journal = {International Journal of Cancer. Journal International Du Cancer},
  author = {Bassett, Julie K. and Severi, Gianluca and Baglietto, Laura and MacInnis, Robert J. and Hoang, Hoa N. and Hopper, John L. and English, Dallas R. and Giles, Graham G.},
  year = {2012},
  pages = {1711--1719},
  pmid = {22213024}
}

@article{grotta_physical_2015,
  title = {Physical activity and body mass index as predictors of prostate cancer risk},
  volume = {33},
  issn = {1433-8726},
  doi = {10.1007/s00345-014-1464-5},
  number = {10},
  journal = {World Journal of Urology},
  author = {Grotta, Alessandra and Bottai, Matteo and Adami, Hans-Olov and Adams, Swann Arp and Akre, Olof and Blair, Steven Noel and Mariosa, Daniela and Nyr{\'e}n, Olof and Ye, Weimin and Stattin, P{\"a}r and Bellocco, Rino and Trolle Lagerros, Ylva},
  year = {2015},
  pages = {1495--1502},
  pmid = {25557943}
}

@article{hernandez_relationship_2009,
  title = {Relationship of body mass, height, and weight gain to prostate cancer risk in the multiethnic cohort},
  volume = {18},
  issn = {1538-7755},
  doi = {10.1158/1055-9965.EPI-09-0293},
  number = {9},
  journal = {Cancer Epidemiology, Biomarkers \& Prevention: A Publication of the American Association for Cancer Research, Cosponsored by the American Society of Preventive Oncology},
  author = {Hernandez, Brenda Y. and Park, Song-Yi and Wilkens, Lynne R. and Henderson, Brian E. and Kolonel, Laurence N.},
  year = {2009},
  pages = {2413--2421},
  pmid = {19723920},
  pmcid = {PMC2742565}
}

@article{shafique_cholesterol_2012,
  title = {Cholesterol and the risk of grade-specific prostate cancer incidence: evidence from two large prospective cohort studies with up to 37 years' follow up},
  volume = {12},
  issn = {1471-2407},
  doi = {10.1186/1471-2407-12-25},
  journal = {BMC cancer},
  author = {Shafique, Kashif and McLoone, Philip and Qureshi, Khaver and Leung, Hing and Hart, Carole and Morrison, David S.},
  year = {2012},
  pages = {25},
  pmid = {22260413},
  pmcid = {PMC3271031}
}

@article{moller_prostate_2015,
  title = {Prostate cancer incidence, clinical stage and survival in relation to obesity: a prospective cohort study in Denmark},
  volume = {136},
  issn = {1097-0215},
  doi = {10.1002/ijc.29238},
  number = {8},
  journal = {International Journal of Cancer. Journal International Du Cancer},
  author = {M{\o}ller, Henrik and Roswall, Nina and Van Hemelrijck, Mieke and Larsen, Signe Benzon and Cuzick, Jack and Holmberg, Lars and Overvad, Kim and Tj{\o}nneland, Anne},
  year = {2015},
  pages = {1940--1947},
  pmid = {25264293}
}

@article{discacciati_goodness_2015,
  title = {Goodness of fit tools for dose--response meta-analysis of binary outcomes},
  journal = {Research Synthesis Methods},
  author = {Discacciati, Andrea and Crippa, Alessio and Orsini, Nicola},
  year = {2015},
  pages = {in press}
}

@techreport{royston_estimating_2011,
  title = {Estimating a smooth baseline hazard function for the Cox model},
  url = {https://www.ucl.ac.uk/statistics/research/pdfs/rr314.pdf},
  institution = {Department of Statistical Science, University College London},
  author = {Royston, Patrick},
  year = {2011}
}

@book{rabe-hesketh_multilevel_2012,
  address = {College Station, Tex},
  edition = {3rd},
  title = {Multilevel and longitudinal modeling using Stata},
  isbn = {978-1-59718-108-2 978-1-59718-103-7 978-1-59718-104-4},
  lccn = {QA278.6 .S57 2012},
  publisher = {Stata Press Publication},
  author = {Rabe-Hesketh, S. and Skrondal, Anders},
  year = {2012}
}

@book{cleves_introduction_2010,
  address = {College Station, Tex},
  edition = {3rd},
  title = {An introduction to survival analysis using Stata},
  isbn = {978-1-59718-074-0},
  lccn = {QA276.2 .C5 2010},
  publisher = {Stata Press},
  author = {Cleves, Mario Alberto and Gould, William and Gutierrez, Roberto G. and Marchenko, Yulia V.},
  year = {2010}
}

@article{mackenzie_survival_2012,
  title = {Survival curve estimation with dependent left truncated data using Cox's model},
  volume = {8},
  issn = {1557-4679},
  doi = {10.1515/1557-4679.1312},
  number = {1},
  journal = {The International Journal of Biostatistics},
  author = {Mackenzie, Todd},
  year = {2012},
  pmid = {23104845}
}

@article{thiebaut_choice_2004,
  title = {Choice of time-scale in Cox's model analysis of epidemiologic cohort data: a simulation study},
  volume = {23},
  issn = {0277-6715},
  doi = {10.1002/sim.2098},
  number = {24},
  journal = {Statistics in Medicine},
  author = {Thi{\'e}baut, Anne C. M. and B{\'e}nichou, Jacques},
  year = {2004},
  pages = {3803--3820},
  pmid = {15580597}
}

@article{cologne_proportional_2012,
  title = {Proportional hazards regression in epidemiologic follow-up studies: an intuitive consideration of primary time scale},
  volume = {23},
  issn = {1531-5487},
  doi = {10.1097/EDE.0b013e318253e418},
  number = {4},
  journal = {Epidemiology (Cambridge, Mass.)},
  author = {Cologne, John and Hsu, Wan-Ling and Abbott, Robert D. and Ohishi, Waka and Grant, Eric J. and Fujiwara, Saeko and Cullings, Harry M.},
  year = {2012},
  pages = {565--573},
  pmid = {22517300}
}

@article{korn_timetoevent_1997,
  title = {Time-to-event analysis of longitudinal follow-up of a survey: choice of the time-scale},
  volume = {145},
  issn = {0002-9262},
  number = {1},
  journal = {American Journal of Epidemiology},
  author = {Korn, E. L. and Graubard, B. I. and Midthune, D.},
  year = {1997},
  pages = {72--80},
  pmid = {8982025}
}

@article{vanhouwelingen_bivariate_1993,
  title = {A bivariate approach to meta-analysis},
  volume = {12},
  issn = {0277-6715},
  number = {24},
  journal = {Statistics in Medicine},
  author = {{van Houwelingen}, H. C. and Zwinderman, K. H. and Stijnen, T.},
  year = {1993},
  pages = {2273--2284},
  pmid = {7907813}
}

@article{bhaskaran_bodymass_2014,
  title = {Body-mass index and risk of 22 specific cancers: a population-based cohort study of 5\ensuremath{\cdot}24 million UK adults},
  volume = {384},
  issn = {1474-547X},
  doi = {10.1016/S0140-6736(14)60892-8},
  number = {9945},
  journal = {Lancet (London, England)},
  author = {Bhaskaran, Krishnan and Douglas, Ian and Forbes, Harriet and {dos-Santos-Silva}, Isabel and Leon, David A. and Smeeth, Liam},
  year = {2014},
  pages = {755--765},
  pmid = {25129328},
  pmcid = {PMC4151483}
}

@article{zhang_impact_2015,
  title = {Impact of obesity upon prostate cancer-associated mortality: A meta-analysis of 17 cohort studies},
  volume = {9},
  issn = {1792-1074},
  doi = {10.3892/ol.2014.2841},
  number = {3},
  journal = {Oncology Letters},
  author = {Zhang, Xiaoyi and Zhou, Guiqin and Sun, Bo and Zhao, Guohua and Liu, Dezhong and Sun, Jiage and Liu, Chuanhai and Guo, Hui},
  year = {2015},
  pages = {1307--1312},
  pmid = {25663903},
  pmcid = {PMC4315023}
}

@article{strom_obesity_2005,
  title = {Obesity, weight gain, and risk of biochemical failure among prostate cancer patients following prostatectomy},
  volume = {11},
  issn = {1078-0432},
  doi = {10.1158/1078-0432.CCR-04-1977},
  number = {19 Pt 1},
  journal = {Clinical Cancer Research: An Official Journal of the American Association for Cancer Research},
  author = {Strom, Sara S. and Wang, Xuemei and Pettaway, Curtis A. and Logothetis, Christopher J. and Yamamura, Yuko and Do, Kim-Anh and Babaian, Richard J. and Troncoso, Patricia},
  year = {2005},
  pages = {6889--6894},
  pmid = {16203779}
}

@article{bassett_impact_2005,
  title = {Impact of obesity on prostate cancer recurrence after radical prostatectomy: data from CaPSURE},
  volume = {66},
  issn = {1527-9995},
  doi = {10.1016/j.urology.2005.05.040},
  number = {5},
  journal = {Urology},
  author = {Bassett, William W. and Cooperberg, Matthew R. and Sadetsky, Natalia and Silva, Stefanie and DuChane, Janeen and Pasta, David J. and Chan, June M. and Anast, Jason W. and Carroll, Peter R. and Kane, Christopher J.},
  year = {2005},
  pages = {1060--1065},
  pmid = {16286124}
}

@article{efstathiou_influence_2007,
  title = {Influence of body mass index on prostate-specific antigen failure after androgen suppression and radiation therapy for localized prostate cancer},
  volume = {109},
  issn = {0008-543X},
  doi = {10.1002/cncr.22564},
  number = {8},
  journal = {Cancer},
  author = {Efstathiou, Jason A. and Chen, Ming-Hui and Renshaw, Andrew A. and Loffredo, Marian J. and D'Amico, Anthony V.},
  year = {2007},
  pages = {1493--1498},
  pmid = {17340594}
}

@article{ly_association_2010,
  title = {Association of body mass index with prostate cancer biochemical failure},
  volume = {183},
  issn = {1527-3792},
  doi = {10.1016/j.juro.2010.02.010},
  number = {6},
  journal = {The Journal of Urology},
  author = {Ly, David and Reddy, Chandana A. and Klein, Eric A. and Ciezki, Jay P.},
  year = {2010},
  pages = {2193--2199},
  pmid = {20399465}
}

@article{palma_obesity_2007,
  title = {Obesity as a predictor of biochemical recurrence and survival after radiation therapy for prostate cancer},
  volume = {100},
  issn = {1464-4096},
  doi = {10.1111/j.1464-410X.2007.06897.x},
  number = {2},
  journal = {BJU international},
  author = {Palma, David and Pickles, Tom and Tyldesley, Scott and {Prostate Cohort Outcomes Initiative}},
  year = {2007},
  pages = {315--319},
  pmid = {17617138}
}

@article{strom_influence_2006,
  title = {Influence of obesity on biochemical and clinical failure after external-beam radiotherapy for localized prostate cancer},
  volume = {107},
  issn = {0008-543X},
  doi = {10.1002/cncr.22025},
  number = {3},
  journal = {Cancer},
  author = {Strom, Sara S. and Kamat, Ashish M. and Gruschkus, Stephen K. and Gu, Yun and Wen, Sijin and Cheung, Min Rex and Pisters, Louis L. and Lee, Andrew K. and Rosser, Charles J. and Kuban, Deborah A.},
  year = {2006},
  pages = {631--639},
  pmid = {16802288}
}

@article{efstathiou_obesity_2007,
  title = {Obesity and mortality in men with locally advanced prostate cancer: analysis of RTOG 85-31},
  volume = {110},
  issn = {0008-543X},
  doi = {10.1002/cncr.23093},
  number = {12},
  journal = {Cancer},
  author = {Efstathiou, Jason A. and Bae, Kyounghwa and Shipley, William U. and Hanks, Gerald E. and Pilepich, Miljenko V. and Sandler, Howard M. and Smith, Matthew R.},
  year = {2007},
  pages = {2691--2699},
  pmid = {17999404},
  pmcid = {PMC3047389}
}

@article{gong_obesity_2007,
  title = {Obesity is associated with increased risks of prostate cancer metastasis and death after initial cancer diagnosis in middle-aged men},
  volume = {109},
  issn = {0008-543X},
  doi = {10.1002/cncr.22534},
  number = {6},
  journal = {Cancer},
  author = {Gong, Zhihong and Agalliu, Ilir and Lin, Daniel W. and Stanford, Janet L. and Kristal, Alan R.},
  year = {2007},
  pages = {1192--1202},
  pmid = {17311344}
}

@article{ma_prediagnostic_2008,
  title = {Prediagnostic body-mass index, plasma C-peptide concentration, and prostate cancer-specific mortality in men with prostate cancer: a long-term survival analysis},
  volume = {9},
  issn = {1474-5488},
  doi = {10.1016/S1470-2045(08)70235-3},
  number = {11},
  journal = {The Lancet. Oncology},
  author = {Ma, Jing and Li, Haojie and Giovannucci, Ed and Mucci, Lorelei and Qiu, Weiliang and Nguyen, Paul L. and Gaziano, J. Michael and Pollak, Michael and Stampfer, Meir J.},
  year = {2008},
  pages = {1039--1047},
  pmid = {18835745},
  pmcid = {PMC2651222}
}

@article{haggstrom_prospective_2012,
  title = {Prospective study on metabolic factors and risk of prostate cancer},
  volume = {118},
  issn = {1097-0142},
  doi = {10.1002/cncr.27677},
  number = {24},
  journal = {Cancer},
  author = {H{\"a}ggstr{\"o}m, Christel and Stocks, Tanja and Ulmert, David and Bj{\o}rge, Tone and Ulmer, Hanno and Hallmans, G{\"o}ran and Manjer, Jonas and Engeland, Anders and Nagel, Gabriele and Almqvist, Martin and Selmer, Randi and Concin, Hans and Tretli, Steinar and Jonsson, H{\aa}kan and Stattin, P{\"a}r},
  year = {2012},
  pages = {6199--6206},
  pmid = {23090855}
}

@article{haque_association_2014,
  title = {Association of body mass index and prostate cancer mortality},
  volume = {8},
  issn = {1871-403X},
  doi = {10.1016/j.orcp.2013.06.002},
  number = {4},
  journal = {Obesity Research \& Clinical Practice},
  author = {Haque, Reina and Van Den Eeden, Stephen K. and Wallner, Lauren P. and Richert-Boe, Kathryn and Kallakury, Bhaskar and Wang, Renyi and Weinmann, Sheila},
  year = {2014},
  pages = {e374--381},
  pmid = {25091359},
  pmcid = {PMC4122983}
}

@article{bonn_body_2014,
  title = {Body mass index and weight change in men with prostate cancer: progression and mortality},
  volume = {25},
  issn = {1573-7225},
  doi = {10.1007/s10552-014-0393-3},
  number = {8},
  journal = {Cancer causes \& control: CCC},
  author = {Bonn, Stephanie E. and Wiklund, Fredrik and Sj{\"o}lander, Arvid and Szulkin, Robert and Stattin, P{\"a}r and Holmberg, Erik and Gr{\"o}nberg, Henrik and B{\"a}lter, Katarina},
  year = {2014},
  pages = {933--943},
  pmid = {24810654}
}

@article{cantarutti_body_2015,
  title = {Body mass index and mortality in men with prostate cancer},
  volume = {75},
  issn = {1097-0045},
  doi = {10.1002/pros.23001},
  number = {11},
  journal = {The Prostate},
  author = {Cantarutti, Anna and Bonn, Stephanie E. and Adami, Hans-Olov and Gr{\"o}nberg, Henrik and Bellocco, Rino and B{\"a}lter, Katarina},
  year = {2015},
  pages = {1129--1136},
  pmid = {25929695}
}

@article{robinson_systematic_2008,
  title = {Systematic review of prostate cancer's association with body size in childhood and young adulthood},
  volume = {19},
  issn = {1573-7225},
  doi = {10.1007/s10552-008-9142-9},
  number = {8},
  journal = {Cancer causes \& control: CCC},
  author = {Robinson, Whitney R. and Poole, Charles and Godley, Paul A.},
  year = {2008},
  pages = {793--803},
  pmid = {18347923}
}

@article{moller_body_2015,
  title = {Body size across the life course and prostate cancer in the Health Professionals Follow-up Study},
  issn = {1097-0215},
  doi = {10.1002/ijc.29842},
  journal = {International Journal of Cancer. Journal International Du Cancer},
  author = {M{\"o}ller, Elisabeth and Wilson, Kathryn M. and Batista, Julie L. and Mucci, Lorelei A. and B{\"a}lter, Katarina and Giovannucci, Edward},
  year = {2015},
  pmid = {26355806}
}

@article{schuurman_anthropometry_2000,
  title = {Anthropometry in relation to prostate cancer risk in the Netherlands Cohort Study},
  volume = {151},
  issn = {0002-9262},
  number = {6},
  journal = {American Journal of Epidemiology},
  author = {Schuurman, A. G. and Goldbohm, R. A. and Dorant, E. and {van den Brandt}, P. A.},
  year = {2000},
  pages = {541--549},
  pmid = {10733035}
}

@article{littman_anthropometrics_2007,
  title = {Anthropometrics and prostate cancer risk},
  volume = {165},
  issn = {0002-9262},
  doi = {10.1093/aje/kwm013},
  number = {11},
  journal = {American Journal of Epidemiology},
  author = {Littman, Alyson J. and White, Emily and Kristal, Alan R.},
  year = {2007},
  pages = {1271--1279},
  pmid = {17395597}
}

@article{robinson_obesity_2005,
  title = {Obesity before age 30 years and risk of advanced prostate cancer},
  volume = {161},
  issn = {0002-9262},
  doi = {10.1093/aje/kwi150},
  number = {12},
  journal = {American Journal of Epidemiology},
  author = {Robinson, Whitney R. and Stevens, June and Gammon, Marilie D. and John, Esther M.},
  year = {2005},
  pages = {1107--1114},
  pmid = {15937019}
}

@article{giles_early_2003,
  title = {Early growth, adult body size and prostate cancer risk},
  volume = {103},
  issn = {0020-7136},
  doi = {10.1002/ijc.10810},
  number = {2},
  journal = {International Journal of Cancer. Journal International Du Cancer},
  author = {Giles, Graham G. and Severi, Gianluca and English, Dallas R. and McCredie, Margaret R. E. and MacInnis, Robert and Boyle, Peter and Hopper, John L.},
  year = {2003},
  pages = {241--245},
  pmid = {12455039}
}

@article{moller_lifetime_2013,
  title = {Lifetime body size and prostate cancer risk in a population-based case-control study in Sweden},
  volume = {24},
  issn = {1573-7225},
  doi = {10.1007/s10552-013-0291-0},
  number = {12},
  journal = {Cancer causes \& control: CCC},
  author = {M{\"o}ller, Elisabeth and Adami, Hans-Olov and Mucci, Lorelei A. and Lundholm, Cecilia and Bellocco, Rino and Johansson, Jan-Erik and Gr{\"o}nberg, Henrik and B{\"a}lter, Katarina},
  year = {2013},
  pages = {2143--2155},
  pmid = {24048969}
}

@article{burton_young_2010,
  title = {Young adulthood body mass index and risk of cancer in later adulthood: historical cohort study},
  volume = {21},
  issn = {1573-7225},
  doi = {10.1007/s10552-010-9625-3},
  number = {12},
  journal = {Cancer causes \& control: CCC},
  author = {Burton, Anya and Martin, Richard and Galobardes, Bruna and Davey Smith, George and Jeffreys, Mona},
  year = {2010},
  pages = {2069--2077},
  pmid = {20680433}
}

@article{renehan_adiposity_2015,
  title = {Adiposity and cancer risk: new mechanistic insights from epidemiology},
  volume = {15},
  issn = {1474-1768},
  doi = {10.1038/nrc3967},
  number = {8},
  journal = {Nature Reviews. Cancer},
  author = {Renehan, Andrew G. and Zwahlen, Marcel and Egger, Matthias},
  year = {2015},
  pages = {484--498},
  pmid = {26205341}
}

@article{roberts_biological_2010,
  title = {Biological mechanisms linking obesity and cancer risk: new perspectives},
  volume = {61},
  issn = {1545-326X},
  doi = {10.1146/annurev.med.080708.082713},
  journal = {Annual Review of Medicine},
  author = {Roberts, Darren L. and Dive, Caroline and Renehan, Andrew G.},
  year = {2010},
  pages = {301--316},
  pmid = {19824817}
}

@article{renehan_insulinlike_2004,
  title = {Insulin-like growth factor (IGF)-I, IGF binding protein-3, and cancer risk: systematic review and meta-regression analysis},
  volume = {363},
  issn = {1474-547X},
  doi = {10.1016/S0140-6736(04)16044-3},
  number = {9418},
  journal = {Lancet (London, England)},
  author = {Renehan, Andrew G. and Zwahlen, Marcel and Minder, Christoph and O'Dwyer, Sarah T. and Shalet, Stephen M. and Egger, Matthias},
  year = {2004},
  pages = {1346--1353},
  pmid = {15110491}
}

@article{roddam_insulinlike_2008,
  title = {Insulin-like growth factors, their binding proteins, and prostate cancer risk: analysis of individual patient data from 12 prospective studies},
  volume = {149},
  issn = {1539-3704},
  number = {7},
  journal = {Annals of Internal Medicine},
  author = {Roddam, Andrew W. and Allen, Naomi E. and Appleby, Paul and Key, Timothy J. and Ferrucci, Luigi and Carter, H. Ballentine and Metter, E. Jeffrey and Chen, Chu and Weiss, Noel S. and Fitzpatrick, Annette and Hsing, Ann W. and Lacey, James V. and Helzlsouer, Kathy and Rinaldi, Sabina and Riboli, Elio and Kaaks, Rudolf and Janssen, Joop A. M. J. L. and Wildhagen, Mark F. and Schr{\"o}der, Fritz H. and Platz, Elizabeth A. and Pollak, Michael and Giovannucci, Edward and Schaefer, Catherine and Quesenberry, Charles P. and Vogelman, Joseph H. and Severi, Gianluca and English, Dallas R. and Giles, Graham G. and Stattin, P{\"a}r and Hallmans, G{\"o}ran and Johansson, Mattias and Chan, June M. and Gann, Peter and Oliver, Steven E. and Holly, Jeff M. and Donovan, Jenny and Meyer, Fran{\c c}ois and Bairati, Isabelle and Galan, Pilar},
  year = {2008},
  pages = {461--471, W83--88},
  pmid = {18838726},
  pmcid = {PMC2584869}
}

@article{rowlands_circulating_2009,
  title = {Circulating insulin-like growth factor peptides and prostate cancer risk: a systematic review and meta-analysis},
  volume = {124},
  issn = {1097-0215},
  doi = {10.1002/ijc.24202},
  number = {10},
  journal = {International Journal of Cancer. Journal International Du Cancer},
  author = {Rowlands, Mari-Anne and Gunnell, David and Harris, Ross and Vatten, Lars J. and Holly, Jeff M. P. and Martin, Richard M.},
  year = {2009},
  pages = {2416--2429},
  pmid = {19142965},
  pmcid = {PMC2743036}
}

@article{lukanova_nonlinear_2002,
  title = {Nonlinear relationship of insulin-like growth factor (IGF)-I and IGF-I/IGF-binding protein-3 ratio with indices of adiposity and plasma insulin concentrations (Sweden)},
  volume = {13},
  issn = {0957-5243},
  number = {6},
  journal = {Cancer causes \& control: CCC},
  author = {Lukanova, Annekatrin and S{\"o}derberg, Stefan and Stattin, P{\"a}r and Palmqvist, Richard and Lundin, Eva and Biessy, Carine and Rinaldi, Sabina and Riboli, Elio and Hallmans, G{\"o}ran and Kaaks, Rudolf},
  year = {2002},
  pages = {509--516},
  pmid = {12195640}
}

@article{yamamoto_relationship_1993,
  title = {Relationship between plasma insulin-like growth factor I (IGF-I) levels and body mass index (BMI) in adults},
  volume = {40},
  issn = {0918-8959},
  number = {1},
  journal = {Endocrine Journal},
  author = {Yamamoto, H. and Kato, Y.},
  year = {1993},
  pages = {41--45},
  pmid = {7951495}
}

@article{nam_effect_1997,
  title = {Effect of obesity on total and free insulin-like growth factor (IGF)-1, and their relationship to IGF-binding protein (BP)-1, IGFBP-2, IGFBP-3, insulin, and growth hormone},
  volume = {21},
  number = {5},
  journal = {International Journal of Obesity and Related Metabolic Disorders: Journal of the International Association for the Study of Obesity},
  author = {Nam, S. Y. and Lee, E. J. and Kim, K. R. and Cha, B. S. and Song, Y. D. and Lim, S. K. and Lee, H. C. and Huh, K. B.},
  year = {1997},
  pages = {355--359},
  pmid = {9152736}
}

@article{lima_decreased_2000,
  title = {Decreased androgen levels in massively obese men may be associated with impaired function of the gonadostat},
  volume = {24},
  number = {11},
  journal = {International Journal of Obesity and Related Metabolic Disorders: Journal of the International Association for the Study of Obesity},
  author = {Lima, N. and Cavaliere, H. and Knobel, M. and Halpern, A. and Medeiros-Neto, G.},
  year = {2000},
  pages = {1433--1437},
  pmid = {11126339}
}

@article{endogenoushormonesandprostatecancercollaborativegroup_endogenous_2008,
  title = {Endogenous sex hormones and prostate cancer: a collaborative analysis of 18 prospective studies},
  volume = {100},
  issn = {1460-2105},
  doi = {10.1093/jnci/djm323},
  number = {3},
  journal = {Journal of the National Cancer Institute},
  author = {{Endogenous Hormones and Prostate Cancer Collaborative Group} and Roddam, Andrew W. and Allen, Naomi E. and Appleby, Paul and Key, Timothy J.},
  year = {2008},
  pages = {170--183},
  pmid = {18230794}
}

@article{platz_sex_2005,
  title = {Sex steroid hormones and the androgen receptor gene CAG repeat and subsequent risk of prostate cancer in the prostate-specific antigen era},
  volume = {14},
  issn = {1055-9965},
  doi = {10.1158/1055-9965.EPI-04-0371},
  number = {5},
  journal = {Cancer Epidemiology, Biomarkers \& Prevention: A Publication of the American Association for Cancer Research, Cosponsored by the American Society of Preventive Oncology},
  author = {Platz, Elizabeth A. and Leitzmann, Michael F. and Rifai, Nader and Kantoff, Philip W. and Chen, Yen-Ching and Stampfer, Meir J. and Willett, Walter C. and Giovannucci, Edward},
  year = {2005},
  pages = {1262--1269},
  pmid = {15894683}
}

@article{severi_circulating_2006,
  title = {Circulating steroid hormones and the risk of prostate cancer},
  volume = {15},
  issn = {1055-9965},
  doi = {10.1158/1055-9965.EPI-05-0633},
  number = {1},
  journal = {Cancer Epidemiology, Biomarkers \& Prevention: A Publication of the American Association for Cancer Research, Cosponsored by the American Society of Preventive Oncology},
  author = {Severi, Gianluca and Morris, Howard A. and MacInnis, Robert J. and English, Dallas R. and Tilley, Wayne and Hopper, John L. and Boyle, Peter and Giles, Graham G.},
  year = {2006},
  pages = {86--91},
  pmid = {16434592}
}

@article{damico_lower_2002,
  title = {Lower prostate specific antigen outcome than expected following radical prostatectomy in patients with high grade prostate and a prostatic specific antigen level of 4 ng/ml. Or less},
  volume = {167},
  issn = {0022-5347},
  number = {5},
  journal = {The Journal of Urology},
  author = {D'Amico, Anthony V. and Chen, Ming-Hui and Malkowicz, S. Bruce and Whittington, Richard and Renshaw, Andrew A. and Tomaszewski, John E. and Samofalov, Yelina and Wein, Alan and Richie, Jerome P.},
  year = {2002},
  pages = {2025--2030; discussion 2030--2031},
  pmid = {11956431}
}

@article{hoffman_low_2000,
  title = {Is low serum free testosterone a marker for high grade prostate cancer?},
  volume = {163},
  issn = {0022-5347},
  number = {3},
  journal = {The Journal of Urology},
  author = {Hoffman, M. A. and DeWolf, W. C. and Morgentaler, A.},
  year = {2000},
  pages = {824--827},
  pmid = {10687985}
}

@article{massengill_pretreatment_2003,
  title = {Pretreatment total testosterone level predicts pathological stage in patients with localized prostate cancer treated with radical prostatectomy},
  volume = {169},
  issn = {0022-5347},
  doi = {10.1097/01.ju.0000062674.43964.d0},
  number = {5},
  journal = {The Journal of Urology},
  author = {Massengill, Jason C. and Sun, Leon and Moul, Judd W. and Wu, Hongyu and McLeod, David G. and Amling, Christopher and Lance, Raymond and Foley, John and Sexton, Wade and Kusuda, Leo and Chung, Andrew and Soderdahl, Douglas and Donahue, Timothy},
  year = {2003},
  pages = {1670--1675},
  pmid = {12686805}
}

@article{schatzl_highgrade_2001,
  title = {High-grade prostate cancer is associated with low serum testosterone levels},
  volume = {47},
  issn = {0270-4137},
  doi = {10.1002/pros.1046},
  number = {1},
  journal = {The Prostate},
  author = {Schatzl, G. and Madersbacher, S. and Thurridl, T. and Waldm{\"u}ller, J. and Kramer, G. and Haitel, A. and Marberger, M.},
  year = {2001},
  pages = {52--58},
  pmid = {11304729}
}

@article{schnoeller_circulating_2013,
  title = {Circulating free testosterone is an independent predictor of advanced disease in patients with clinically localized prostate cancer},
  volume = {31},
  issn = {1433-8726},
  doi = {10.1007/s00345-012-0902-5},
  number = {2},
  journal = {World Journal of Urology},
  author = {Schnoeller, Thomas and Jentzmik, Florian and Rinnab, Ludwig and Cronauer, Marcus V. and Damjanoski, Ilija and Zengerling, Friedemann and Ghazal, Andreas Al and Schrader, Mark and Schrader, Andres J.},
  year = {2013},
  pages = {253--259},
  pmid = {22763628}
}

@article{thompson_influence_2003,
  title = {The influence of finasteride on the development of prostate cancer},
  volume = {349},
  issn = {1533-4406},
  doi = {10.1056/NEJMoa030660},
  number = {3},
  journal = {The New England Journal of Medicine},
  author = {Thompson, Ian M. and Goodman, Phyllis J. and Tangen, Catherine M. and Lucia, M. Scott and Miller, Gary J. and Ford, Leslie G. and Lieber, Michael M. and Cespedes, R. Duane and Atkins, James N. and Lippman, Scott M. and Carlin, Susie M. and Ryan, Anne and Szczepanek, Connie M. and Crowley, John J. and Coltman, Charles A.},
  year = {2003},
  pages = {215--224},
  pmid = {12824459}
}

@article{thompson_longterm_2013,
  title = {Long-term survival of participants in the prostate cancer prevention trial},
  volume = {369},
  issn = {1533-4406},
  doi = {10.1056/NEJMoa1215932},
  number = {7},
  journal = {The New England Journal of Medicine},
  author = {Thompson, Ian M. and Goodman, Phyllis J. and Tangen, Catherine M. and Parnes, Howard L. and Minasian, Lori M. and Godley, Paul A. and Lucia, M. Scott and Ford, Leslie G.},
  year = {2013},
  pages = {603--610},
  pmid = {23944298},
  pmcid = {PMC4141537}
}

@article{somasundar_prostate_2004,
  title = {Prostate cancer cell proliferation is influenced by leptin},
  volume = {118},
  issn = {0022-4804},
  doi = {10.1016/j.jss.2004.01.017},
  number = {1},
  journal = {The Journal of Surgical Research},
  author = {Somasundar, Ponnandai and Frankenberry, Krista A. and Skinner, Heath and Vedula, Giridhar and McFadden, David W. and Riggs, Dale and Jackson, Barbara and Vangilder, Reyna and Hileman, Stanley M. and Vona-Davis, Linda C.},
  year = {2004},
  pages = {71--82},
  pmid = {15093720}
}

@article{baillargeon_obesity_2006,
  title = {Obesity, adipokines, and prostate cancer in a prospective population-based study},
  volume = {15},
  issn = {1055-9965},
  doi = {10.1158/1055-9965.EPI-06-0082},
  number = {7},
  journal = {Cancer Epidemiology, Biomarkers \& Prevention: A Publication of the American Association for Cancer Research, Cosponsored by the American Society of Preventive Oncology},
  author = {Baillargeon, Jacques and Platz, Elizabeth A. and Rose, David P. and Pollock, Brad H. and Ankerst, Donna Pauler and Haffner, Steven and Higgins, Betsy and Lokshin, Anna and Troyer, Dean and Hernandez, Javier and Lynch, Steve and Leach, Robin J. and Thompson, Ian M.},
  year = {2006},
  pages = {1331--1335},
  pmid = {16835332}
}

@article{freedland_serum_2005,
  title = {Serum leptin and pathological findings at the time of radical prostatectomy},
  volume = {173},
  issn = {0022-5347},
  doi = {10.1097/01.ju.0000152619.96795.b2},
  number = {3},
  journal = {The Journal of Urology},
  author = {Freedland, Stephen J. and Sokoll, Lori J. and Mangold, Leslie A. and Bruzek, Debra J. and Mohr, Phaedre and Yiu, Sindy K. and Epstein, Jonathan I. and Partin, Alan W.},
  year = {2005},
  pages = {773--776},
  pmid = {15711267}
}

@article{li_25year_2010,
  title = {A 25-year prospective study of plasma adiponectin and leptin concentrations and prostate cancer risk and survival},
  volume = {56},
  issn = {1530-8561},
  doi = {10.1373/clinchem.2009.133272},
  number = {1},
  journal = {Clinical Chemistry},
  author = {Li, Haojie and Stampfer, Meir J. and Mucci, Lorelei and Rifai, Nader and Qiu, Weiliang and Kurth, Tobias and Ma, Jing},
  year = {2010},
  pages = {34--43},
  pmid = {19910504},
  pmcid = {PMC2858593}
}

@article{goktas_prostate_2005,
  title = {Prostate cancer and adiponectin},
  volume = {65},
  issn = {1527-9995},
  doi = {10.1016/j.urology.2004.12.053},
  number = {6},
  journal = {Urology},
  author = {Goktas, Serdar and Yilmaz, Mahmut Ilker and Caglar, Kayser and Sonmez, Alper and Kilic, Selim and Bedir, Selahattin},
  year = {2005},
  pages = {1168--1172},
  pmid = {15922427}
}

@article{wiren_androgens_2008,
  title = {Androgens and prostate cancer risk},
  volume = {22},
  issn = {1878-1594},
  doi = {10.1016/j.beem.2008.06.002},
  number = {4},
  journal = {Best Practice \& Research. Clinical Endocrinology \& Metabolism},
  author = {Wir{\'e}n, Sara and Stattin, P{\"a}r},
  year = {2008},
  pages = {601--613},
  pmid = {18971121}
}

@article{dalmaso_prostate_2004,
  title = {Prostate cancer and body size at different ages: an Italian multicentre case-control study},
  volume = {90},
  issn = {0007-0920},
  doi = {10.1038/sj.bjc.6601859},
  number = {11},
  journal = {British Journal of Cancer},
  author = {Dal Maso, L. and Zucchetto, A. and La Vecchia, C. and Montella, M. and Conti, E. and Canzonieri, V. and Talamini, R. and Tavani, A. and Negri, E. and Garbeglio, A. and Franceschi, S.},
  year = {2004},
  pages = {2176--2180},
  pmid = {15150581},
  pmcid = {PMC2409495}
}

@article{hsing_hormones_1996,
  title = {Hormones and prostate cancer: where do we go from here?},
  volume = {88},
  issn = {0027-8874},
  number = {16},
  journal = {Journal of the National Cancer Institute},
  author = {Hsing, A. W.},
  year = {1996},
  pages = {1093--1095},
  pmid = {8757182}
}

@article{the_association_2010,
  title = {Association of adolescent obesity with risk of severe obesity in adulthood},
  volume = {304},
  issn = {1538-3598},
  doi = {10.1001/jama.2010.1635},
  number = {18},
  journal = {JAMA},
  author = {The, Natalie S. and Suchindran, Chirayath and North, Kari E. and Popkin, Barry M. and Gordon-Larsen, Penny},
  year = {2010},
  pages = {2042--2047},
  pmid = {21063014},
  pmcid = {PMC3076068}
}

@article{wang_obesity_2002,
  title = {Is obesity associated with early sexual maturation? A comparison of the association in American boys versus girls},
  volume = {110},
  issn = {1098-4275},
  number = {5},
  journal = {Pediatrics},
  author = {Wang, Youfa},
  year = {2002},
  pages = {903--910},
  pmid = {12415028}
}

@article{keenan_androgenstimulated_1993,
  title = {Androgen-stimulated pubertal growth: the effects of testosterone and dihydrotestosterone on growth hormone and insulin-like growth factor-I in the treatment of short stature and delayed puberty},
  volume = {76},
  issn = {0021-972X},
  doi = {10.1210/jcem.76.4.8473416},
  number = {4},
  journal = {The Journal of Clinical Endocrinology and Metabolism},
  author = {Keenan, B. S. and Richards, G. E. and Ponder, S. W. and Dallas, J. S. and Nagamani, M. and Smith, E. R.},
  year = {1993},
  pages = {996--1001},
  pmid = {8473416}
}

@article{juul_serum_1994,
  title = {Serum insulin-like growth factor-I in 1030 healthy children, adolescents, and adults: relation to age, sex, stage of puberty, testicular size, and body mass index},
  volume = {78},
  issn = {0021-972X},
  doi = {10.1210/jcem.78.3.8126152},
  number = {3},
  journal = {The Journal of Clinical Endocrinology and Metabolism},
  author = {Juul, A. and Bang, P. and Hertel, N. T. and Main, K. and Dalgaard, P. and J{\o}rgensen, K. and M{\"u}ller, J. and Hall, K. and Skakkebaek, N. E.},
  year = {1994},
  pages = {744--752},
  pmid = {8126152}
}

@article{jiangang_diabetes_2015,
  title = {Diabetes mellitus and the risk of prostate cancer: an update and cumulative meta-analysis},
  volume = {40},
  issn = {1532-4206},
  doi = {10.3109/07435800.2014.934961},
  number = {1},
  journal = {Endocrine Research},
  author = {Jian Gang, Pan and Mo, Liu and Lu, Yang and Runqi, Luo and Xing, Zhou},
  year = {2015},
  pages = {54--61},
  pmid = {25105463}
}

@article{garcia-closas_invited_2015,
  title = {Invited Commentary: Screening and the Elusive Etiology of Prostate Cancer},
  volume = {182},
  issn = {1476-6256},
  doi = {10.1093/aje/kwv086},
  number = {5},
  journal = {American Journal of Epidemiology},
  author = {Garcia-Closas, Montserrat and Berrington de Gonzalez, Amy},
  year = {2015},
  pages = {390--393},
  pmid = {26243738},
  pmcid = {PMC4552270}
}

@article{allott_obesity_2013,
  title = {Obesity and prostate cancer: weighing the evidence},
  volume = {63},
  issn = {1873-7560},
  doi = {10.1016/j.eururo.2012.11.013},
  number = {5},
  journal = {European Urology},
  author = {Allott, Emma H. and Masko, Elizabeth M. and Freedland, Stephen J.},
  year = {2013},
  pages = {800--809},
  pmid = {23219374},
  pmcid = {PMC3597763}
}

@article{buschemeyer_obesity_2007,
  title = {Obesity and prostate cancer: epidemiology and clinical implications},
  volume = {52},
  issn = {0302-2838},
  doi = {10.1016/j.eururo.2007.04.069},
  number = {2},
  journal = {European Urology},
  author = {Buschemeyer, W. Cooper and Freedland, Stephen J.},
  year = {2007},
  pages = {331--343},
  pmid = {17507151}
}

@article{banez_obesityrelated_2007,
  title = {Obesity-related plasma hemodilution and PSA concentration among men with prostate cancer},
  volume = {298},
  issn = {1538-3598},
  doi = {10.1001/jama.298.19.2275},
  number = {19},
  journal = {JAMA},
  author = {Ba{\~n}ez, Lionel L. and Hamilton, Robert J. and Partin, Alan W. and Vollmer, Robin T. and Sun, Leon and Rodriguez, Carmen and Wang, Yiting and Terris, Martha K. and Aronson, William J. and Presti, Joseph C. and Kane, Christopher J. and Amling, Christopher L. and Moul, Judd W. and Freedland, Stephen J.},
  year = {2007},
  pages = {2275--2280},
  pmid = {18029831}
}

@article{grubb_serum_2009,
  title = {Serum prostate-specific antigen hemodilution among obese men undergoing screening in the Prostate, Lung, Colorectal, and Ovarian Cancer Screening Trial},
  volume = {18},
  issn = {1055-9965},
  doi = {10.1158/1055-9965.EPI-08-0938},
  number = {3},
  journal = {Cancer Epidemiology, Biomarkers \& Prevention: A Publication of the American Association for Cancer Research, Cosponsored by the American Society of Preventive Oncology},
  author = {Grubb, Robert L. and Black, Amanda and Izmirlian, Grant and Hickey, Thomas P. and Pinsky, Paul F. and Mabie, Jerome E. and Riley, Thomas L. and Ragard, Lawrence R. and Prorok, Philip C. and Berg, Christine D. and Crawford, E. David and Church, Timothy R. and Andriole, Gerald L. and {PLCO Project Team}},
  year = {2009},
  pages = {748--751},
  pmid = {19258472}
}

@article{chu_predictive_2011,
  title = {Predictive value of digital rectal examination for prostate cancer detection is modified by obesity},
  volume = {14},
  issn = {1476-5608},
  doi = {10.1038/pcan.2011.31},
  number = {4},
  journal = {Prostate Cancer and Prostatic Diseases},
  author = {Chu, D. I. and De Nunzio, C. and Gerber, L. and Thomas, J.-A. and Calloway, E. E. and Albisinni, S. and Senocak, C. and McKeever, M. G. and Moreira, D. M. and Tubaro, A. and Moul, J. W. and Freedland, S. J. and Ba{\~n}ez, L. L.},
  year = {2011},
  pages = {346--353},
  pmid = {21727906}
}

@article{dahle_body_2002,
  title = {Body size and serum levels of insulin and leptin in relation to the risk of benign prostatic hyperplasia},
  volume = {168},
  issn = {0022-5347},
  number = {2},
  journal = {The Journal of Urology},
  author = {Dahle, Sara E. and Chokkalingam, Anand P. and Gao, Yu-Tang and Deng, Jie and Stanczyk, Frank Z. and Hsing, Ann W.},
  year = {2002},
  pages = {599--604},
  pmid = {12131317}
}

@article{freedland_obesity_2006,
  title = {Obesity, serum prostate specific antigen and prostate size: implications for prostate cancer detection},
  volume = {175},
  issn = {0022-5347},
  doi = {10.1016/S0022-5347(05)00162-X},
  number = {2},
  journal = {The Journal of Urology},
  author = {Freedland, Stephen J. and Platz, Elizabeth A. and Presti, Joseph C. and Aronson, William J. and Amling, Christopher L. and Kane, Christopher J. and Terris, Martha K.},
  year = {2006},
  pages = {500--504; discussion 504},
  pmid = {16406980}
}

@article{kranse_predictors_1999,
  title = {Predictors for biopsy outcome in the European Randomized Study of Screening for Prostate Cancer (Rotterdam region)},
  volume = {39},
  issn = {0270-4137},
  number = {4},
  journal = {The Prostate},
  author = {Kranse, R. and Beemsterboer, P. and Rietbergen, J. and Habbema, D. and Hugosson, J. and Schr{\"o}der, F. H.},
  year = {1999},
  pages = {316--322},
  pmid = {10344223}
}

@article{rodriguez_body_2001,
  title = {Body mass index, height, and prostate cancer mortality in two large cohorts of adult men in the United States},
  volume = {10},
  issn = {1055-9965},
  number = {4},
  journal = {Cancer Epidemiology, Biomarkers \& Prevention: A Publication of the American Association for Cancer Research, Cosponsored by the American Society of Preventive Oncology},
  author = {Rodriguez, C. and Patel, A. V. and Calle, E. E. and Jacobs, E. J. and Chao, A. and Thun, M. J.},
  year = {2001},
  pages = {345--353},
  pmid = {11319175}
}

@article{lee_assessment_2008,
  title = {Assessment methods in human body composition},
  volume = {11},
  issn = {1363-1950},
  doi = {10.1097/MCO.0b013e32830b5f23},
  number = {5},
  journal = {Current Opinion in Clinical Nutrition and Metabolic Care},
  author = {Lee, Seon Yeong and Gallagher, Dympna},
  year = {2008},
  pages = {566--572},
  pmid = {18685451},
  pmcid = {PMC2741386}
}

@article{connorgorber_comparison_2007,
  title = {A comparison of direct vs. self-report measures for assessing height, weight and body mass index: a systematic review},
  volume = {8},
  issn = {1467-7881},
  doi = {10.1111/j.1467-789X.2007.00347.x},
  number = {4},
  journal = {Obesity Reviews: An Official Journal of the International Association for the Study of Obesity},
  author = {Connor Gorber, S. and Tremblay, M. and Moher, D. and Gorber, B.},
  year = {2007},
  pages = {307--326},
  pmid = {17578381}
}

@article{bostrom_socioeconomic_1997,
  title = {Socioeconomic differentials in misclassification of height, weight and body mass index based on questionnaire data},
  volume = {26},
  issn = {0300-5771},
  number = {4},
  journal = {International Journal of Epidemiology},
  author = {Bostr{\"o}m, G. and Diderichsen, F.},
  year = {1997},
  pages = {860--866},
  pmid = {9279620}
}

@article{kovalchik_validity_2009,
  title = {Validity of adult lifetime self-reported body weight},
  volume = {12},
  issn = {1475-2727},
  doi = {10.1017/S1368980008003728},
  number = {8},
  journal = {Public Health Nutrition},
  author = {Kovalchik, Stephanie},
  year = {2009},
  pages = {1072--1077},
  pmid = {18789171}
}

@article{discacciati_approximate_2015,
  title = {Approximate Bayesian logistic regression via penalized likelihood by data augmentation},
  volume = {15},
  number = {3},
  journal = {The Stata Journal},
  author = {Discacciati, Andrea and Orsini, Nicola and Greenland, Sander},
  year = {2015},
  pages = {712--736}
}

@article{khoury_emergence_2010,
  title = {The emergence of translational epidemiology: from scientific discovery to population health impact},
  volume = {172},
  issn = {1476-6256},
  doi = {10.1093/aje/kwq211},
  number = {5},
  journal = {American Journal of Epidemiology},
  author = {Khoury, Muin J. and Gwinn, Marta and Ioannidis, John P. A.},
  year = {2010},
  pages = {517--524},
  pmid = {20688899},
  pmcid = {PMC2927741}
}

@article{woolf_meaning_2008,
  title = {The meaning of translational research and why it matters},
  volume = {299},
  issn = {1538-3598},
  doi = {10.1001/jama.2007.26},
  number = {2},
  journal = {JAMA},
  author = {Woolf, Steven H.},
  year = {2008},
  pages = {211--213},
  pmid = {18182604}
}

@article{lytsy_proposal_2012,
  title = {A proposal for an additional clinical trial outcome measure assessing preventive effect as delay of events},
  volume = {27},
  issn = {1573-7284},
  doi = {10.1007/s10654-012-9752-0},
  number = {12},
  journal = {European Journal of Epidemiology},
  author = {Lytsy, Per and Berglund, Lars and Sundstr{\"o}m, Johan},
  year = {2012},
  pages = {903--909},
  pmid = {23224516},
  pmcid = {PMC3539066}
}

@article{andersson_estimating_2013,
  title = {Estimating the loss in expectation of life due to cancer using flexible parametric survival models},
  volume = {32},
  issn = {1097-0258},
  doi = {10.1002/sim.5943},
  number = {30},
  journal = {Statistics in Medicine},
  author = {Andersson, Therese M.-L. and Dickman, Paul W. and Eloranta, Sandra and Lambe, Mats and Lambert, Paul C.},
  year = {2013},
  pages = {5286--5300},
  pmid = {24038155}
}

@article{robins_estimability_1991,
  title = {Estimability and estimation of expected years of life lost due to a hazardous exposure},
  volume = {10},
  issn = {0277-6715},
  number = {1},
  journal = {Statistics in Medicine},
  author = {Robins, J. and Greenland, S.},
  year = {1991},
  pages = {79--93},
  pmid = {2006358}
}

@article{mons_impact_2015,
  title = {Impact of smoking and smoking cessation on cardiovascular events and mortality among older adults: meta-analysis of individual participant data from prospective cohort studies of the CHANCES consortium},
  volume = {350},
  issn = {1756-1833},
  journal = {BMJ (Clinical research ed.)},
  author = {Mons, Ute and M{\"u}ezzinler, Aysel and Gellert, Carolin and Sch{\"o}ttker, Ben and Abnet, Christian C. and Bobak, Martin and {de Groot}, Lisette and Freedman, Neal D. and Jansen, Eug{\`e}ne and Kee, Frank and Kromhout, Daan and Kuulasmaa, Kari and Laatikainen, Tiina and O'Doherty, Mark G. and Bueno-de-Mesquita, Bas and Orfanos, Philippos and Peters, Annette and {van der Schouw}, Yvonne T. and Wilsgaard, Tom and Wolk, Alicja and Trichopoulou, Antonia and Boffetta, Paolo and Brenner, Hermann and {CHANCES Consortium}},
  year = {2015},
  pages = {h1551},
  pmid = {25896935},
  pmcid = {PMC4413837}
}

@article{williams_prostatespecific_2011,
  title = {Prostate-specific antigen testing rates remain low in UK general practice: a cross-sectional study in six English cities},
  volume = {108},
  issn = {1464-410X},
  doi = {10.1111/j.1464-410X.2011.10163.x},
  number = {9},
  journal = {BJU international},
  author = {Williams, Naomi and Hughes, Laura J. and Turner, Emma L. and Donovan, Jenny L. and Hamdy, Freddie C. and Neal, David E. and Martin, Richard M. and Metcalfe, Chris},
  year = {2011},
  pages = {1402--1408},
  pmid = {21481132}
}

@incollection{greenland_measures_2008,
  address = {Philadelphia, PA},
  edition = {3rd},
  title = {Measures of occurrence},
  isbn = {978-0-7817-5564-1},
  booktitle = {Modern Epidemiology},
  publisher = {Lippincott Williams \& Wilkins},
  author = {Greenland, S and Rothman, Kenneth J.},
  editor = {Rothman, Kenneth J. and Greenland, Sander and Lash, Timothy L.},
  year = {2008},
  pages = {62--63}
}

@article{bottai_regression_2015,
  title = {A regression method for modelling geometric rates},
  issn = {1477-0334},
  doi = {10.1177/0962280215606474},
  journal = {Statistical Methods in Medical Research},
  author = {Bottai, Matteo},
  year = {2015},
  pmid = {26384517}
}

@article{sauerbrei_new_2011,
  title = {A new strategy for meta-analysis of continuous covariates in observational studies},
  volume = {30},
  issn = {1097-0258},
  doi = {10.1002/sim.4333},
  number = {28},
  journal = {Statistics in Medicine},
  author = {Sauerbrei, Willi and Royston, Patrick},
  year = {2011},
  pages = {3341--3360},
  pmid = {21953493}
}

@article{buja_linear_1989,
  title = {Linear Smoothers and Additive Models},
  volume = {17},
  issn = {0090-5364, 2168-8966},
  doi = {10.1214/aos/1176347115},
  number = {2},
  urldate = {2015-10-17},
  journal = {The Annals of Statistics},
  author = {Buja, Andreas and Hastie, Trevor and Tibshirani, Robert},
  year = {1989},
  pages = {453--510},
  mrnumber = {MR994249},
  zmnumber = {0689.62029}
}


